
  <record>
    <leader>00000cam  2200169I  4500</leader>
      <controlfield tag='008'>890216s1928    mauch         000 0 eng  </controlfield>
      <controlfield tag='001'>217561</controlfield>
      <controlfield tag='005'>19910207162824.6</controlfield>
      <datafield ind1=' ' ind2=' ' tag='010'>
        <subfield code='a'>28028607</subfield>
      </datafield>
      <datafield ind1=' ' ind2=' ' tag='040'>
        <subfield code='c'>CWR</subfield>
        <subfield code='d'>m.c.</subfield>
      </datafield>
      <datafield ind1=' ' ind2=' ' tag='050'>
        <subfield code='a'>PS3202</subfield>
        <subfield code='b'>1928</subfield>
      </datafield>
      <datafield ind1='1' ind2=' ' tag='100'>
        <subfield code='a'>Whitman, Walt,</subfield>
        <subfield code='d'>1819-1892.</subfield>
      </datafield>
      <datafield ind1='1' ind2='0' tag='245'>
        <subfield code='a'>Walt Whitman&apos;s workshop.</subfield>
        <subfield code='b'>A collection of unpublished manuscripts.</subfield>
        <subfield code='c'>Edited with an introduction and notes by Clifton Joseph Furness.</subfield>
      </datafield>
      <datafield ind1=' ' ind2=' ' tag='260'>
        <subfield code='a'>Cambridge,</subfield>
        <subfield code='b'>Harvard University press,</subfield>
        <subfield code='c'>1928.</subfield>
      </datafield>
      <datafield ind1=' ' ind2=' ' tag='300'>
        <subfield code='a'>x, 265 p.</subfield>
        <subfield code='b'>2 port. (incl. front.) fascims.</subfield>
        <subfield code='c'>28 cm</subfield>
      </datafield>
      <datafield ind1=' ' ind2=' ' tag='500'>
        <subfield code='a'>&quot;This edition is limited to 750 copies, and the type has been distributed.&quot;</subfield>
      </datafield>
      <datafield ind1='1' ind2=' ' tag='700'>
        <subfield code='a'>Furness, Clifton Joseph,</subfield>
        <subfield code='d'>1898-1946.</subfield>
      </datafield>
      <datafield ind1=' ' ind2=' ' tag='907'>
        <subfield code='a'>b1055018</subfield>
      </datafield>
      <datafield ind1='9' ind2='1' tag='999'>
        <subfield code='i'>i1091268</subfield>
        <subfield code='l'>trln</subfield>
        <subfield code='s'>-</subfield>
        <subfield code='t'>0</subfield>
        <subfield code='c'>1</subfield>
        <subfield code='o'>0</subfield>
        <subfield code='b'>00016227030</subfield>
        <subfield code='p'>090##</subfield>
        <subfield code='q'>|aPS3202 1928</subfield>
      </datafield>
      <datafield ind1='0' ind2='0' tag='999'>
        <subfield code='a'>2004-10-01 00:00:00-04</subfield>
        <subfield code='c'>2004-09-27 13:09:16-04</subfield>
        <subfield code='u'>2016-09-23 10:58:33-04</subfield>
      </datafield>
  </record>