
  <record>
    <leader>00000cjm a2200433I  4500</leader>
      <controlfield tag='008'>920918s1966    nyuopn   de         ita d</controlfield>
      <controlfield tag='007'>sd-bumenn-----</controlfield>
      <controlfield tag='001'>840313</controlfield>
      <controlfield tag='005'>19920918000000.0</controlfield>
      <datafield ind1=' ' ind2=' ' tag='010'>
        <subfield code='a'>ra 67000118</subfield>
      </datafield>
      <datafield ind1='0' ind2='0' tag='028'>
        <subfield code='a'>OSA 1383 (25982--25984)</subfield>
        <subfield code='b'>London</subfield>
      </datafield>
      <datafield ind1='0' ind2='0' tag='028'>
        <subfield code='a'>OSA 1383 (25982-25984)</subfield>
        <subfield code='b'>London</subfield>
      </datafield>
      <datafield ind1=' ' ind2=' ' tag='040'>
        <subfield code='a'>KSU</subfield>
        <subfield code='c'>KSU</subfield>
        <subfield code='d'>m.c.</subfield>
        <subfield code='d'>OCL</subfield>
        <subfield code='d'>IXA</subfield>
        <subfield code='d'>m/c</subfield>
        <subfield code='d'>NOC</subfield>
      </datafield>
      <datafield ind1='0' ind2=' ' tag='041'>
        <subfield code='d'>ita</subfield>
        <subfield code='b'>eng</subfield>
        <subfield code='e'>itaeng</subfield>
        <subfield code='h'>ita</subfield>
        <subfield code='g'>eng</subfield>
      </datafield>
      <datafield ind1='1' ind2=' ' tag='100'>
        <subfield code='a'>Rossini, Gioacchino,</subfield>
        <subfield code='d'>1792-1868.</subfield>
      </datafield>
      <datafield ind1='1' ind2='0' tag='240'>
        <subfield code='a'>Semiramide</subfield>
      </datafield>
      <datafield ind1='1' ind2='0' tag='245'>
        <subfield code='a'>Semiramide</subfield>
        <subfield code='h'>[sound disc].</subfield>
      </datafield>
      <datafield ind1=' ' ind2=' ' tag='260'>
        <subfield code='b'>London</subfield>
        <subfield code='c'>[1966]</subfield>
      </datafield>
      <datafield ind1=' ' ind2=' ' tag='300'>
        <subfield code='a'>3 discs.</subfield>
        <subfield code='b'>33 1/3 rpm. microgroove.</subfield>
        <subfield code='c'>12 in.</subfield>
      </datafield>
      <datafield ind1=' ' ind2=' ' tag='500'>
        <subfield code='a'>Duration: 2 hrs., 47 min., 18 sec.</subfield>
      </datafield>
      <datafield ind1=' ' ind2=' ' tag='500'>
        <subfield code='a'>Program notes by Paul Gardner and Richard Conrad (31 p. illus., facsims., ports.) include synopsis of the opera by Peggie Cochrane and the libretto, by Gaetano Rossi in Italian with English translation by Peggie Cochrane.</subfield>
      </datafield>
      <datafield ind1='0' ind2=' ' tag='511'>
        <subfield code='a'>Joan Sutherland, soprano; Marilyn Horne, contralto; Joseph Rouleau, bass; with other soloists; London Symphony Orchestra; Richard Bonynge, conductor.</subfield>
      </datafield>
      <datafield ind1=' ' ind2='7' tag='655'>
        <subfield code='a'>Operas.</subfield>
        <subfield code='2'>lcgft</subfield>
      </datafield>
      <datafield ind1='1' ind2=' ' tag='700'>
        <subfield code='a'>Rossi, Gaetano,</subfield>
        <subfield code='d'>1774-1855.</subfield>
        <subfield code='4'>lbt</subfield>
      </datafield>
      <datafield ind1='1' ind2=' ' tag='700'>
        <subfield code='a'>Voltaire,</subfield>
        <subfield code='d'>1694-1778.</subfield>
        <subfield code='t'>Sémiramis.</subfield>
      </datafield>
      <datafield ind1='1' ind2=' ' tag='700'>
        <subfield code='a'>Sutherland, Joan,</subfield>
        <subfield code='d'>1926-2010.</subfield>
        <subfield code='4'>prf</subfield>
      </datafield>
      <datafield ind1='1' ind2=' ' tag='700'>
        <subfield code='a'>Horne, Marilyn.</subfield>
        <subfield code='4'>prf</subfield>
      </datafield>
      <datafield ind1='1' ind2=' ' tag='700'>
        <subfield code='a'>Rouleau, Joseph.</subfield>
        <subfield code='4'>prf</subfield>
      </datafield>
      <datafield ind1='1' ind2=' ' tag='700'>
        <subfield code='a'>Bonynge, Richard.</subfield>
        <subfield code='4'>cnd</subfield>
      </datafield>
      <datafield ind1='2' ind2=' ' tag='710'>
        <subfield code='a'>London Symphony Orchestra.</subfield>
        <subfield code='4'>prf</subfield>
      </datafield>
      <datafield ind1=' ' ind2=' ' tag='907'>
        <subfield code='a'>b1193204</subfield>
      </datafield>
      <datafield ind1='9' ind2='1' tag='999'>
        <subfield code='i'>i1339039</subfield>
        <subfield code='l'>mmdd</subfield>
        <subfield code='s'>-</subfield>
        <subfield code='t'>50</subfield>
        <subfield code='c'>1</subfield>
        <subfield code='o'>2</subfield>
        <subfield code='b'>10001525878</subfield>
        <subfield code='p'>099#9</subfield>
        <subfield code='q'>|aA 593</subfield>
        <subfield code='v'>disc1</subfield>
      </datafield>
      <datafield ind1='9' ind2='1' tag='999'>
        <subfield code='i'>i1339040</subfield>
        <subfield code='l'>mmdd</subfield>
        <subfield code='s'>-</subfield>
        <subfield code='t'>0</subfield>
        <subfield code='c'>1</subfield>
        <subfield code='o'>0</subfield>
        <subfield code='b'>HAGQ-0689-00001</subfield>
        <subfield code='p'>099#9</subfield>
        <subfield code='q'>|aA 593</subfield>
        <subfield code='v'>disc2</subfield>
      </datafield>
      <datafield ind1='9' ind2='1' tag='999'>
        <subfield code='i'>i1339041</subfield>
        <subfield code='l'>mmdd</subfield>
        <subfield code='s'>-</subfield>
        <subfield code='t'>0</subfield>
        <subfield code='c'>1</subfield>
        <subfield code='o'>0</subfield>
        <subfield code='b'>HAGQ-0689-00002</subfield>
        <subfield code='p'>099#9</subfield>
        <subfield code='q'>|aA 593</subfield>
        <subfield code='v'>disc3</subfield>
      </datafield>
      <datafield ind1='9' ind2='1' tag='999'>
        <subfield code='i'>i1339042</subfield>
        <subfield code='l'>mmdd</subfield>
        <subfield code='s'>-</subfield>
        <subfield code='t'>50</subfield>
        <subfield code='c'>1</subfield>
        <subfield code='o'>2</subfield>
        <subfield code='b'>10001527082</subfield>
        <subfield code='p'>099#9</subfield>
        <subfield code='q'>|aA 593</subfield>
        <subfield code='v'>Suppl.: &quot;booklet&quot;</subfield>
      </datafield>
      <datafield ind1='9' ind2='2' tag='999'>
        <subfield code='a'>c1212149</subfield>
        <subfield code='b'>mmdd</subfield>
        <subfield code='c'>0</subfield>
      </datafield>
      <datafield ind1='9' ind2='3' tag='999'>
        <subfield code='0'>c1212149</subfield>
        <subfield code='2'>852</subfield>
        <subfield code='3'>c</subfield>
        <subfield code='b'>577766</subfield>
        <subfield code='h'>A 593</subfield>
      </datafield>
      <datafield ind1='9' ind2='3' tag='999'>
        <subfield code='0'>c1212149</subfield>
        <subfield code='2'>853</subfield>
        <subfield code='3'>y</subfield>
        <subfield code='8'>1</subfield>
        <subfield code='a'>disc</subfield>
        <subfield code='t'>c.</subfield>
      </datafield>
      <datafield ind1='9' ind2='3' tag='999'>
        <subfield code='0'>c1212149</subfield>
        <subfield code='2'>854</subfield>
        <subfield code='3'>y</subfield>
        <subfield code='8'>1</subfield>
        <subfield code='a'>(unit)</subfield>
        <subfield code='t'>c.</subfield>
      </datafield>
      <datafield ind1='0' ind2='0' tag='999'>
        <subfield code='a'>2004-10-01 00:00:00-04</subfield>
        <subfield code='c'>2004-09-27 13:23:00-04</subfield>
        <subfield code='u'>2017-11-15 15:56:11-05</subfield>
      </datafield>
  </record>