
  <record>
    <leader>00000cam  2200217Ia 4500</leader>
      <controlfield tag='008'>930302s1974    dcua     b   f000 0 eng  </controlfield>
      <controlfield tag='001'>842773</controlfield>
      <controlfield tag='005'>19930302000000.0</controlfield>
      <datafield ind1=' ' ind2=' ' tag='010'>
        <subfield code='a'>74600735 //r88</subfield>
      </datafield>
      <datafield ind1=' ' ind2=' ' tag='040'>
        <subfield code='a'>DLC</subfield>
        <subfield code='c'>DLC</subfield>
        <subfield code='d'>m.c.</subfield>
        <subfield code='d'>NDO</subfield>
      </datafield>
      <datafield ind1=' ' ind2=' ' tag='043'>
        <subfield code='a'>n-us---</subfield>
      </datafield>
      <datafield ind1=' ' ind2=' ' tag='082'>
        <subfield code='a'>344/.73/01255</subfield>
      </datafield>
      <datafield ind1='1' ind2=' ' tag='110'>
        <subfield code='a'>United States.</subfield>
        <subfield code='b'>Congress.</subfield>
        <subfield code='b'>Senate.</subfield>
        <subfield code='b'>Committee on Labor and Public Welfare.</subfield>
        <subfield code='b'>Subcommittee on Labor.</subfield>
      </datafield>
      <datafield ind1='1' ind2='0' tag='245'>
        <subfield code='a'>Legislative history of joint labor-management trust funds for legal services, Public law 93-95, S. 1423.</subfield>
      </datafield>
      <datafield ind1=' ' ind2=' ' tag='260'>
        <subfield code='a'>Washington,</subfield>
        <subfield code='b'>U.S. Govt. Print. Off.,</subfield>
        <subfield code='c'>1974.</subfield>
      </datafield>
      <datafield ind1=' ' ind2=' ' tag='300'>
        <subfield code='a'>v, 151 p. :</subfield>
        <subfield code='b'>ill. ;</subfield>
        <subfield code='c'>24 cm.</subfield>
      </datafield>
      <datafield ind1=' ' ind2=' ' tag='500'>
        <subfield code='a'>At head of title: 93d Congress, 2d session. Committee print.</subfield>
      </datafield>
      <datafield ind1=' ' ind2=' ' tag='501'>
        <subfield code='a'>Bound with: United States. Congress. Committee on Labor and Public Welfare. Subcommittee on Labor. Legislative history of the coverage of nonprofit hospitals under the National labor relations act, 1974, Public law 93-360 (S. 3203).</subfield>
      </datafield>
      <datafield ind1=' ' ind2=' ' tag='504'>
        <subfield code='a'>Includes bibliographical references.</subfield>
      </datafield>
      <datafield ind1=' ' ind2='0' tag='650'>
        <subfield code='a'>Labor union welfare funds</subfield>
        <subfield code='x'>Law and legislation</subfield>
        <subfield code='z'>United States.</subfield>
      </datafield>
      <datafield ind1=' ' ind2='0' tag='650'>
        <subfield code='a'>Prepaid legal services</subfield>
        <subfield code='z'>United States.</subfield>
      </datafield>
      <datafield ind1=' ' ind2=' ' tag='907'>
        <subfield code='a'>b1193620</subfield>
      </datafield>
      <datafield ind1='9' ind2='1' tag='999'>
        <subfield code='i'>i1339653</subfield>
        <subfield code='l'>ksta</subfield>
        <subfield code='s'>-</subfield>
        <subfield code='t'>0</subfield>
        <subfield code='c'>1</subfield>
        <subfield code='o'>0</subfield>
        <subfield code='b'>L00071547O</subfield>
        <subfield code='p'>090##</subfield>
        <subfield code='q'>|aKF3517.A315|bA15 1974</subfield>
      </datafield>
      <datafield ind1='9' ind2='1' tag='999'>
        <subfield code='i'>i2069402</subfield>
        <subfield code='l'>ksta</subfield>
        <subfield code='s'>-</subfield>
        <subfield code='t'>0</subfield>
        <subfield code='c'>1</subfield>
        <subfield code='o'>0</subfield>
        <subfield code='b'>L00071547O</subfield>
        <subfield code='p'>090##</subfield>
        <subfield code='q'>|aKF3517.A315 A15 1974</subfield>
      </datafield>
      <datafield ind1='0' ind2='0' tag='999'>
        <subfield code='a'>2004-10-01 00:00:00-04</subfield>
        <subfield code='c'>2004-09-27 13:23:30-04</subfield>
        <subfield code='u'>2016-09-24 16:43:24-04</subfield>
      </datafield>
  </record>