
  <record>
    <leader>00000cas  2200325   4500</leader>
      <controlfield tag='008'>741127d19711994nyubr1p       0   a0eng  </controlfield>
      <controlfield tag='001'>1090547</controlfield>
      <controlfield tag='005'>19860502000000.0</controlfield>
      <datafield ind1=' ' ind2=' ' tag='010'>
        <subfield code='a'>79618734</subfield>
      </datafield>
      <datafield ind1=' ' ind2=' ' tag='019'>
        <subfield code='a'>1479590</subfield>
      </datafield>
      <datafield ind1='0' ind2=' ' tag='022'>
        <subfield code='a'>0004-7686</subfield>
        <subfield code='y'>004-7686</subfield>
      </datafield>
      <datafield ind1=' ' ind2=' ' tag='030'>
        <subfield code='a'>ABRDAZ</subfield>
      </datafield>
      <datafield ind1=' ' ind2=' ' tag='040'>
        <subfield code='a'>DLC</subfield>
        <subfield code='c'>KSU</subfield>
        <subfield code='d'>COO</subfield>
        <subfield code='d'>NSD</subfield>
        <subfield code='d'>OCL</subfield>
        <subfield code='d'>DLC</subfield>
        <subfield code='d'>NSD</subfield>
        <subfield code='d'>m.c.</subfield>
        <subfield code='d'>AIP</subfield>
        <subfield code='d'>HUL</subfield>
        <subfield code='d'>MUL</subfield>
        <subfield code='d'>NST</subfield>
        <subfield code='d'>OCL</subfield>
        <subfield code='d'>NST</subfield>
        <subfield code='d'>NSD</subfield>
        <subfield code='d'>NOC</subfield>
      </datafield>
      <datafield ind1=' ' ind2=' ' tag='042'>
        <subfield code='a'>nsdp</subfield>
        <subfield code='a'>lc</subfield>
      </datafield>
      <datafield ind1=' ' ind2=' ' tag='043'>
        <subfield code='a'>n------</subfield>
      </datafield>
      <datafield ind1='0' ind2=' ' tag='050'>
        <subfield code='a'>QL671</subfield>
        <subfield code='b'>.A78</subfield>
      </datafield>
      <datafield ind1='0' ind2='0' tag='245'>
        <subfield code='a'>American birds</subfield>
        <subfield code='h'>[serial].</subfield>
      </datafield>
      <datafield ind1=' ' ind2=' ' tag='260'>
        <subfield code='a'>[New York,</subfield>
        <subfield code='b'>National Audubon Society]</subfield>
      </datafield>
      <datafield ind1=' ' ind2=' ' tag='300'>
        <subfield code='a'>v.</subfield>
        <subfield code='b'>ill.</subfield>
        <subfield code='c'>24 cm.</subfield>
      </datafield>
      <datafield ind1=' ' ind2=' ' tag='310'>
        <subfield code='a'>5 no. a year (spring, summer, fall, winter and Christmas),</subfield>
        <subfield code='b'>1985-1994</subfield>
      </datafield>
      <datafield ind1=' ' ind2=' ' tag='321'>
        <subfield code='a'>Bimonthly,</subfield>
        <subfield code='b'>1971-1984</subfield>
      </datafield>
      <datafield ind1='0' ind2=' ' tag='362'>
        <subfield code='a'>Vol. 25, no. 1 (Feb. 1971)-v. 48, no. 1 (spring 1994).</subfield>
      </datafield>
      <datafield ind1='2' ind2=' ' tag='510'>
        <subfield code='a'>Biological abstracts</subfield>
      </datafield>
      <datafield ind1=' ' ind2=' ' tag='550'>
        <subfield code='a'>Vols. for &lt;Feb.-June 1971&gt; published by the National Audubon Society in collaboration with the U.S. Fish and Wildlife Service.</subfield>
      </datafield>
      <datafield ind1=' ' ind2='0' tag='650'>
        <subfield code='a'>Birds</subfield>
        <subfield code='v'>Periodicals.</subfield>
      </datafield>
      <datafield ind1=' ' ind2='0' tag='650'>
        <subfield code='a'>Birds</subfield>
        <subfield code='z'>North America</subfield>
        <subfield code='v'>Periodicals.</subfield>
      </datafield>
      <datafield ind1='2' ind2=' ' tag='710'>
        <subfield code='a'>National Audubon Society.</subfield>
      </datafield>
      <datafield ind1='2' ind2=' ' tag='710'>
        <subfield code='a'>U.S. Fish and Wildlife Service.</subfield>
      </datafield>
      <datafield ind1='0' ind2='0' tag='780'>
        <subfield code='t'>Audubon field notes</subfield>
        <subfield code='x'>0097-7144</subfield>
        <subfield code='w'>(OCoLC)1518613</subfield>
      </datafield>
      <datafield ind1='0' ind2='0' tag='785'>
        <subfield code='t'>National Audubon Society field notes</subfield>
        <subfield code='w'>(OCoLC)31067649</subfield>
      </datafield>
      <datafield ind1=' ' ind2=' ' tag='907'>
        <subfield code='a'>b1234211</subfield>
      </datafield>
      <datafield ind1='9' ind2='1' tag='999'>
        <subfield code='i'>i1410467</subfield>
        <subfield code='l'>bbha</subfield>
        <subfield code='s'>-</subfield>
        <subfield code='t'>3</subfield>
        <subfield code='c'>1</subfield>
        <subfield code='o'>0</subfield>
        <subfield code='b'>10002717188</subfield>
        <subfield code='v'>v.25:1-2(1971)</subfield>
      </datafield>
      <datafield ind1='9' ind2='1' tag='999'>
        <subfield code='i'>i1410468</subfield>
        <subfield code='l'>bbha</subfield>
        <subfield code='s'>-</subfield>
        <subfield code='t'>3</subfield>
        <subfield code='c'>1</subfield>
        <subfield code='o'>0</subfield>
        <subfield code='b'>10002717179</subfield>
        <subfield code='v'>v.25:3-6(1971)</subfield>
      </datafield>
      <datafield ind1='9' ind2='1' tag='999'>
        <subfield code='i'>i1410469</subfield>
        <subfield code='l'>bbha</subfield>
        <subfield code='s'>-</subfield>
        <subfield code='t'>3</subfield>
        <subfield code='c'>1</subfield>
        <subfield code='o'>0</subfield>
        <subfield code='b'>10002717160</subfield>
        <subfield code='v'>v.26:1-2(1972)</subfield>
      </datafield>
      <datafield ind1='9' ind2='1' tag='999'>
        <subfield code='i'>i1410470</subfield>
        <subfield code='l'>bbha</subfield>
        <subfield code='s'>-</subfield>
        <subfield code='t'>3</subfield>
        <subfield code='c'>1</subfield>
        <subfield code='o'>0</subfield>
        <subfield code='b'>10002717151</subfield>
        <subfield code='v'>v.26:3-6(1972)</subfield>
      </datafield>
      <datafield ind1='9' ind2='1' tag='999'>
        <subfield code='i'>i1410471</subfield>
        <subfield code='l'>bbha</subfield>
        <subfield code='s'>-</subfield>
        <subfield code='t'>3</subfield>
        <subfield code='c'>1</subfield>
        <subfield code='o'>1</subfield>
        <subfield code='b'>10002502515</subfield>
        <subfield code='v'>v.27:1-3(1973)</subfield>
      </datafield>
      <datafield ind1='9' ind2='1' tag='999'>
        <subfield code='i'>i1410472</subfield>
        <subfield code='l'>bbha</subfield>
        <subfield code='s'>-</subfield>
        <subfield code='t'>3</subfield>
        <subfield code='c'>1</subfield>
        <subfield code='o'>1</subfield>
        <subfield code='b'>10001197018</subfield>
        <subfield code='v'>v.27:4-6(1973)</subfield>
      </datafield>
      <datafield ind1='9' ind2='1' tag='999'>
        <subfield code='i'>i1410473</subfield>
        <subfield code='l'>bbha</subfield>
        <subfield code='s'>-</subfield>
        <subfield code='t'>3</subfield>
        <subfield code='c'>1</subfield>
        <subfield code='o'>0</subfield>
        <subfield code='b'>10002717142</subfield>
        <subfield code='v'>v.28(1974)</subfield>
      </datafield>
      <datafield ind1='9' ind2='1' tag='999'>
        <subfield code='i'>i1410474</subfield>
        <subfield code='l'>bbha</subfield>
        <subfield code='s'>-</subfield>
        <subfield code='t'>3</subfield>
        <subfield code='c'>1</subfield>
        <subfield code='o'>1</subfield>
        <subfield code='b'>10000912871</subfield>
        <subfield code='v'>v.29(1975)</subfield>
      </datafield>
      <datafield ind1='9' ind2='1' tag='999'>
        <subfield code='i'>i1410475</subfield>
        <subfield code='l'>bbha</subfield>
        <subfield code='s'>-</subfield>
        <subfield code='t'>3</subfield>
        <subfield code='c'>1</subfield>
        <subfield code='o'>3</subfield>
        <subfield code='b'>10000911970</subfield>
        <subfield code='v'>v.30(1976)</subfield>
      </datafield>
      <datafield ind1='9' ind2='1' tag='999'>
        <subfield code='i'>i1410476</subfield>
        <subfield code='l'>bbha</subfield>
        <subfield code='s'>-</subfield>
        <subfield code='t'>3</subfield>
        <subfield code='c'>1</subfield>
        <subfield code='o'>4</subfield>
        <subfield code='b'>10001197027</subfield>
        <subfield code='v'>v.31:1-3(1977)</subfield>
      </datafield>
      <datafield ind1='9' ind2='1' tag='999'>
        <subfield code='i'>i1410477</subfield>
        <subfield code='l'>bbha</subfield>
        <subfield code='s'>-</subfield>
        <subfield code='t'>3</subfield>
        <subfield code='c'>1</subfield>
        <subfield code='o'>0</subfield>
        <subfield code='b'>10002717197</subfield>
        <subfield code='v'>v.31:4-6(1977)</subfield>
      </datafield>
      <datafield ind1='9' ind2='1' tag='999'>
        <subfield code='i'>i1410478</subfield>
        <subfield code='l'>bbha</subfield>
        <subfield code='s'>-</subfield>
        <subfield code='t'>3</subfield>
        <subfield code='c'>1</subfield>
        <subfield code='o'>2</subfield>
        <subfield code='b'>10001197116</subfield>
        <subfield code='v'>v.32:1-3(1978)</subfield>
      </datafield>
      <datafield ind1='9' ind2='1' tag='999'>
        <subfield code='i'>i1410479</subfield>
        <subfield code='l'>bbha</subfield>
        <subfield code='s'>-</subfield>
        <subfield code='t'>3</subfield>
        <subfield code='c'>1</subfield>
        <subfield code='o'>0</subfield>
        <subfield code='b'>10002717204</subfield>
        <subfield code='v'>v.32:4-6(1978)</subfield>
      </datafield>
      <datafield ind1='9' ind2='1' tag='999'>
        <subfield code='i'>i1410480</subfield>
        <subfield code='l'>bbha</subfield>
        <subfield code='s'>-</subfield>
        <subfield code='t'>3</subfield>
        <subfield code='c'>1</subfield>
        <subfield code='o'>0</subfield>
        <subfield code='b'>10002717053</subfield>
        <subfield code='v'>v.33(1979)</subfield>
      </datafield>
      <datafield ind1='9' ind2='1' tag='999'>
        <subfield code='i'>i1410481</subfield>
        <subfield code='l'>bbha</subfield>
        <subfield code='s'>-</subfield>
        <subfield code='t'>3</subfield>
        <subfield code='c'>1</subfield>
        <subfield code='o'>1</subfield>
        <subfield code='b'>10002252624</subfield>
        <subfield code='v'>v.34(1980)</subfield>
      </datafield>
      <datafield ind1='9' ind2='1' tag='999'>
        <subfield code='i'>i1410482</subfield>
        <subfield code='l'>bbha</subfield>
        <subfield code='s'>-</subfield>
        <subfield code='t'>3</subfield>
        <subfield code='c'>1</subfield>
        <subfield code='o'>0</subfield>
        <subfield code='b'>10002717062</subfield>
        <subfield code='v'>v.35(1981)</subfield>
      </datafield>
      <datafield ind1='9' ind2='1' tag='999'>
        <subfield code='i'>i1410483</subfield>
        <subfield code='l'>bbha</subfield>
        <subfield code='s'>-</subfield>
        <subfield code='t'>3</subfield>
        <subfield code='c'>1</subfield>
        <subfield code='o'>1</subfield>
        <subfield code='b'>10002502409</subfield>
        <subfield code='v'>v.36(1982)</subfield>
      </datafield>
      <datafield ind1='9' ind2='1' tag='999'>
        <subfield code='i'>i1410484</subfield>
        <subfield code='l'>bbha</subfield>
        <subfield code='s'>-</subfield>
        <subfield code='t'>3</subfield>
        <subfield code='c'>1</subfield>
        <subfield code='o'>0</subfield>
        <subfield code='b'>10002717071</subfield>
        <subfield code='v'>v.37(1983)</subfield>
      </datafield>
      <datafield ind1='9' ind2='1' tag='999'>
        <subfield code='i'>i1410485</subfield>
        <subfield code='l'>bbha</subfield>
        <subfield code='s'>-</subfield>
        <subfield code='t'>3</subfield>
        <subfield code='c'>1</subfield>
        <subfield code='o'>0</subfield>
        <subfield code='b'>10002717080</subfield>
        <subfield code='v'>v.38(1984)</subfield>
      </datafield>
      <datafield ind1='9' ind2='1' tag='999'>
        <subfield code='i'>i1410486</subfield>
        <subfield code='l'>bbha</subfield>
        <subfield code='s'>-</subfield>
        <subfield code='t'>3</subfield>
        <subfield code='c'>1</subfield>
        <subfield code='o'>2</subfield>
        <subfield code='b'>10001702935</subfield>
        <subfield code='v'>v.39(1985)</subfield>
      </datafield>
      <datafield ind1='9' ind2='1' tag='999'>
        <subfield code='i'>i1410487</subfield>
        <subfield code='l'>bbha</subfield>
        <subfield code='s'>-</subfield>
        <subfield code='t'>3</subfield>
        <subfield code='c'>1</subfield>
        <subfield code='o'>0</subfield>
        <subfield code='b'>10002717099</subfield>
        <subfield code='v'>v.40(1986)</subfield>
      </datafield>
      <datafield ind1='9' ind2='1' tag='999'>
        <subfield code='i'>i1410488</subfield>
        <subfield code='l'>bbha</subfield>
        <subfield code='s'>-</subfield>
        <subfield code='t'>3</subfield>
        <subfield code='c'>1</subfield>
        <subfield code='o'>1</subfield>
        <subfield code='b'>10000906922</subfield>
        <subfield code='v'>v.41:1-3(1987)</subfield>
      </datafield>
      <datafield ind1='9' ind2='1' tag='999'>
        <subfield code='i'>i1410489</subfield>
        <subfield code='l'>bbha</subfield>
        <subfield code='s'>-</subfield>
        <subfield code='t'>3</subfield>
        <subfield code='c'>1</subfield>
        <subfield code='o'>0</subfield>
        <subfield code='b'>10002717106</subfield>
        <subfield code='v'>v.41:4-5(1987)</subfield>
      </datafield>
      <datafield ind1='9' ind2='1' tag='999'>
        <subfield code='i'>i1410490</subfield>
        <subfield code='l'>bbha</subfield>
        <subfield code='s'>-</subfield>
        <subfield code='t'>3</subfield>
        <subfield code='c'>1</subfield>
        <subfield code='o'>0</subfield>
        <subfield code='b'>10002796002</subfield>
        <subfield code='v'>v.42(1988)</subfield>
      </datafield>
      <datafield ind1='9' ind2='1' tag='999'>
        <subfield code='i'>i1410491</subfield>
        <subfield code='l'>bbha</subfield>
        <subfield code='s'>-</subfield>
        <subfield code='t'>3</subfield>
        <subfield code='c'>1</subfield>
        <subfield code='o'>1</subfield>
        <subfield code='b'>10000782164</subfield>
        <subfield code='v'>v.43(1989)</subfield>
        <subfield code='n'>incomplete</subfield>
      </datafield>
      <datafield ind1='9' ind2='1' tag='999'>
        <subfield code='i'>i1410492</subfield>
        <subfield code='l'>bbha</subfield>
        <subfield code='s'>-</subfield>
        <subfield code='t'>3</subfield>
        <subfield code='c'>1</subfield>
        <subfield code='o'>0</subfield>
        <subfield code='b'>10002795995</subfield>
        <subfield code='v'>v.44:1-5(1990)</subfield>
      </datafield>
      <datafield ind1='9' ind2='1' tag='999'>
        <subfield code='i'>i1410493</subfield>
        <subfield code='l'>bbha</subfield>
        <subfield code='s'>-</subfield>
        <subfield code='t'>3</subfield>
        <subfield code='c'>1</subfield>
        <subfield code='o'>0</subfield>
        <subfield code='b'>10002795986</subfield>
        <subfield code='v'>v.45(1991)</subfield>
      </datafield>
      <datafield ind1='9' ind2='1' tag='999'>
        <subfield code='i'>i1410494</subfield>
        <subfield code='l'>bbha</subfield>
        <subfield code='s'>-</subfield>
        <subfield code='t'>3</subfield>
        <subfield code='c'>1</subfield>
        <subfield code='o'>0</subfield>
        <subfield code='b'>10002795977</subfield>
        <subfield code='v'>v.46(1992)</subfield>
      </datafield>
      <datafield ind1='9' ind2='1' tag='999'>
        <subfield code='i'>i1410495</subfield>
        <subfield code='l'>bbha</subfield>
        <subfield code='s'>-</subfield>
        <subfield code='t'>3</subfield>
        <subfield code='c'>1</subfield>
        <subfield code='o'>1</subfield>
        <subfield code='b'>10000782173</subfield>
        <subfield code='v'>v.47(1993)</subfield>
      </datafield>
      <datafield ind1='9' ind2='2' tag='999'>
        <subfield code='a'>c1276151</subfield>
        <subfield code='b'>bbha</subfield>
        <subfield code='c'>0</subfield>
      </datafield>
      <datafield ind1='9' ind2='3' tag='999'>
        <subfield code='0'>c1276151</subfield>
        <subfield code='2'>852</subfield>
        <subfield code='3'>c</subfield>
        <subfield code='x'>Earlier and later titles exist.</subfield>
      </datafield>
      <datafield ind1='9' ind2='3' tag='999'>
        <subfield code='0'>c1276151</subfield>
        <subfield code='2'>853</subfield>
        <subfield code='3'>y</subfield>
        <subfield code='8'>1</subfield>
        <subfield code='a'>v.</subfield>
        <subfield code='b'>(*)</subfield>
        <subfield code='i'>(year)</subfield>
      </datafield>
      <datafield ind1='9' ind2='3' tag='999'>
        <subfield code='0'>c1276151</subfield>
        <subfield code='2'>863</subfield>
        <subfield code='3'>h</subfield>
        <subfield code='8'>1.1</subfield>
        <subfield code='a'>25-42</subfield>
        <subfield code='b'>3-6</subfield>
        <subfield code='i'>1971-1988</subfield>
      </datafield>
      <datafield ind1='9' ind2='3' tag='999'>
        <subfield code='0'>c1276151</subfield>
        <subfield code='2'>863</subfield>
        <subfield code='3'>h</subfield>
        <subfield code='8'>1.2</subfield>
        <subfield code='a'>43</subfield>
        <subfield code='i'>1989</subfield>
        <subfield code='z'>incomplete</subfield>
      </datafield>
      <datafield ind1='9' ind2='3' tag='999'>
        <subfield code='0'>c1276151</subfield>
        <subfield code='2'>863</subfield>
        <subfield code='3'>h</subfield>
        <subfield code='8'>1.3</subfield>
        <subfield code='a'>44</subfield>
        <subfield code='b'>1-5</subfield>
        <subfield code='i'>1990</subfield>
      </datafield>
      <datafield ind1='9' ind2='3' tag='999'>
        <subfield code='0'>c1276151</subfield>
        <subfield code='2'>863</subfield>
        <subfield code='3'>h</subfield>
        <subfield code='8'>1.4</subfield>
        <subfield code='a'>45-48</subfield>
        <subfield code='b'>1</subfield>
        <subfield code='i'>1991-1994</subfield>
      </datafield>
      <datafield ind1='0' ind2='0' tag='999'>
        <subfield code='a'>2004-10-01 00:00:00-04</subfield>
        <subfield code='c'>2004-09-27 16:29:00-04</subfield>
        <subfield code='u'>2017-12-01 10:09:36-05</subfield>
      </datafield>
  </record>