
  <record>
    <leader>00000cas  2200505 a 4500</leader>
      <controlfield tag='008'>750720d19521998enkqrzp       0   a0eng d</controlfield>
      <controlfield tag='001'>1460856</controlfield>
      <controlfield tag='005'>20030228153137.0</controlfield>
      <datafield ind1=' ' ind2=' ' tag='010'>
        <subfield code='a'>54031988</subfield>
      </datafield>
      <datafield ind1='0' ind2=' ' tag='022'>
        <subfield code='a'>0044-5983</subfield>
      </datafield>
      <datafield ind1=' ' ind2=' ' tag='030'>
        <subfield code='a'>ABNRAN</subfield>
      </datafield>
      <datafield ind1=' ' ind2=' ' tag='035'>
        <subfield code='a'>(OCoLC)1460856</subfield>
      </datafield>
      <datafield ind1=' ' ind2=' ' tag='040'>
        <subfield code='a'>MnMULS</subfield>
        <subfield code='c'>MnMULS</subfield>
        <subfield code='d'>FGULS</subfield>
        <subfield code='d'>OCoLC</subfield>
        <subfield code='d'>NIC</subfield>
        <subfield code='d'>CtY</subfield>
        <subfield code='d'>NSDP</subfield>
        <subfield code='d'>DLC</subfield>
        <subfield code='d'>OCoLC</subfield>
        <subfield code='d'>AIP</subfield>
        <subfield code='d'>OCoLC</subfield>
        <subfield code='d'>DLC</subfield>
        <subfield code='d'>NST</subfield>
        <subfield code='d'>NSDP</subfield>
        <subfield code='d'>NST</subfield>
        <subfield code='d'>InU</subfield>
        <subfield code='d'>OCoLC</subfield>
        <subfield code='d'>WaU</subfield>
        <subfield code='d'>MH</subfield>
        <subfield code='d'>OCoLC</subfield>
        <subfield code='d'>DNAL</subfield>
        <subfield code='d'>OCoLC</subfield>
      </datafield>
      <datafield ind1='1' ind2=' ' tag='041'>
        <subfield code='a'>engfreger</subfield>
      </datafield>
      <datafield ind1=' ' ind2=' ' tag='042'>
        <subfield code='a'>lc</subfield>
        <subfield code='a'>nsdp</subfield>
      </datafield>
      <datafield ind1='0' ind2='0' tag='050'>
        <subfield code='a'>QK1</subfield>
        <subfield code='b'>.N353</subfield>
      </datafield>
      <datafield ind1=' ' ind2=' ' tag='070'>
        <subfield code='a'>450</subfield>
        <subfield code='a'>Ac822</subfield>
      </datafield>
      <datafield ind1='0' ind2=' ' tag='082'>
        <subfield code='a'>581/.05</subfield>
        <subfield code='2'>19</subfield>
      </datafield>
      <datafield ind1='0' ind2=' ' tag='210'>
        <subfield code='a'>Acta bot. neerl.</subfield>
      </datafield>
      <datafield ind1=' ' ind2='0' tag='222'>
        <subfield code='a'>Acta botanica neerlandica</subfield>
      </datafield>
      <datafield ind1='0' ind2='0' tag='245'>
        <subfield code='a'>Acta botanica Neerlandica</subfield>
        <subfield code='h'>[serial] :</subfield>
        <subfield code='b'>official publication of the Nederlandse Botanische Vereniging.</subfield>
      </datafield>
      <datafield ind1=' ' ind2=' ' tag='260'>
        <subfield code='a'>Amsterdam :</subfield>
        <subfield code='b'>North-Holland Pub. Co.,</subfield>
        <subfield code='c'>1952-c1998.</subfield>
      </datafield>
      <datafield ind1=' ' ind2=' ' tag='300'>
        <subfield code='a'>47 v. :</subfield>
        <subfield code='b'>ill. ;</subfield>
        <subfield code='c'>24 cm.</subfield>
      </datafield>
      <datafield ind1=' ' ind2=' ' tag='310'>
        <subfield code='a'>Quarterly,</subfield>
        <subfield code='b'>1984-</subfield>
      </datafield>
      <datafield ind1=' ' ind2=' ' tag='321'>
        <subfield code='a'>Quarterly,</subfield>
        <subfield code='b'>1952-</subfield>
      </datafield>
      <datafield ind1=' ' ind2=' ' tag='321'>
        <subfield code='a'>Bimonthly,</subfield>
        <subfield code='b'>&lt;Aug. 1977&gt;-1983</subfield>
      </datafield>
      <datafield ind1='0' ind2=' ' tag='362'>
        <subfield code='a'>Vol. 1, no. 1-v. 47 (Dec. 1998).</subfield>
      </datafield>
      <datafield ind1=' ' ind2=' ' tag='500'>
        <subfield code='a'>Subtitle varies.</subfield>
      </datafield>
      <datafield ind1=' ' ind2=' ' tag='500'>
        <subfield code='a'>Published: Oxford, UK : Blackwell Science Ltd., &lt;1995&gt;-1998.</subfield>
      </datafield>
      <datafield ind1=' ' ind2=' ' tag='500'>
        <subfield code='a'>This title is in the TRLN Collaborative Print Retention Archive.</subfield>
      </datafield>
      <datafield ind1='2' ind2=' ' tag='510'>
        <subfield code='a'>Chemical abstracts</subfield>
        <subfield code='x'>0009-2258</subfield>
      </datafield>
      <datafield ind1=' ' ind2=' ' tag='530'>
        <subfield code='a'>Also available via World Wide Web;</subfield>
        <subfield code='b'>OCLC FirstSearch Electronic Collections Online;</subfield>
        <subfield code='c'>Subscription required for access to abstracts and full text.</subfield>
      </datafield>
      <datafield ind1=' ' ind2=' ' tag='546'>
        <subfield code='a'>Articles in English, French, and German.</subfield>
      </datafield>
      <datafield ind1=' ' ind2=' ' tag='580'>
        <subfield code='a'>Merger of: Nederlandsch kruidkundig archief, and: Recueil des travaux botaniques néerlandais.</subfield>
      </datafield>
      <datafield ind1=' ' ind2=' ' tag='580'>
        <subfield code='a'>Merged with: Botanica acta, to form: Plant biology (Stuttgart, Germany).</subfield>
      </datafield>
      <datafield ind1=' ' ind2='0' tag='650'>
        <subfield code='a'>Botany</subfield>
        <subfield code='v'>Periodicals.</subfield>
      </datafield>
      <datafield ind1='2' ind2=' ' tag='710'>
        <subfield code='a'>Koninklijke Nederlandse Botanische Vereniging.</subfield>
      </datafield>
      <datafield ind1='0' ind2=' ' tag='770'>
        <subfield code='t'>Wentia</subfield>
        <subfield code='w'>(DLC)   86653984</subfield>
        <subfield code='w'>(OCoLC)1769608</subfield>
      </datafield>
      <datafield ind1='1' ind2=' ' tag='776'>
        <subfield code='t'>Acta botanica neerlandica (Online)</subfield>
        <subfield code='w'>(OCoLC)38089048</subfield>
      </datafield>
      <datafield ind1='1' ind2='4' tag='780'>
        <subfield code='t'>Nederlandsch kruidkundig archief</subfield>
        <subfield code='g'>1858-1951</subfield>
        <subfield code='w'>(OCoLC)1714426</subfield>
      </datafield>
      <datafield ind1='1' ind2='4' tag='780'>
        <subfield code='t'>Recueil des travaux botaniques néerlandais</subfield>
        <subfield code='w'>(DLC)sc 82003303</subfield>
        <subfield code='w'>(OCoLC)1590372</subfield>
      </datafield>
      <datafield ind1='1' ind2='7' tag='785'>
        <subfield code='t'>Botanica acta</subfield>
        <subfield code='x'>0932-8629</subfield>
        <subfield code='w'>(DLC)   88640720</subfield>
        <subfield code='w'>(OCoLC)17167709</subfield>
      </datafield>
      <datafield ind1='1' ind2='7' tag='785'>
        <subfield code='t'>Plant biology (Stuttgart, Germany)</subfield>
        <subfield code='x'>1435-8603</subfield>
        <subfield code='w'>(DLC)sn 99047129</subfield>
        <subfield code='w'>(OCoLC)41000240</subfield>
      </datafield>
      <datafield ind1=' ' ind2=' ' tag='907'>
        <subfield code='a'>b1285933</subfield>
      </datafield>
      <datafield ind1='9' ind2='1' tag='999'>
        <subfield code='i'>i1509751</subfield>
        <subfield code='l'>bbha</subfield>
        <subfield code='s'>-</subfield>
        <subfield code='t'>3</subfield>
        <subfield code='c'>1</subfield>
        <subfield code='o'>0</subfield>
        <subfield code='b'>00016604578</subfield>
        <subfield code='v'>v.1(1952-1953)</subfield>
      </datafield>
      <datafield ind1='9' ind2='1' tag='999'>
        <subfield code='i'>i1509752</subfield>
        <subfield code='l'>bbha</subfield>
        <subfield code='s'>-</subfield>
        <subfield code='t'>3</subfield>
        <subfield code='c'>1</subfield>
        <subfield code='o'>0</subfield>
        <subfield code='b'>00016604569</subfield>
        <subfield code='v'>v.2(1953)</subfield>
      </datafield>
      <datafield ind1='9' ind2='1' tag='999'>
        <subfield code='i'>i1509753</subfield>
        <subfield code='l'>bbha</subfield>
        <subfield code='s'>-</subfield>
        <subfield code='t'>3</subfield>
        <subfield code='c'>1</subfield>
        <subfield code='o'>0</subfield>
        <subfield code='b'>00016604550</subfield>
        <subfield code='v'>v.3(1954)</subfield>
      </datafield>
      <datafield ind1='9' ind2='1' tag='999'>
        <subfield code='i'>i1509754</subfield>
        <subfield code='l'>bbha</subfield>
        <subfield code='s'>-</subfield>
        <subfield code='t'>3</subfield>
        <subfield code='c'>1</subfield>
        <subfield code='o'>0</subfield>
        <subfield code='b'>00016604541</subfield>
        <subfield code='v'>v.4(1955)</subfield>
      </datafield>
      <datafield ind1='9' ind2='1' tag='999'>
        <subfield code='i'>i1509755</subfield>
        <subfield code='l'>bbha</subfield>
        <subfield code='s'>-</subfield>
        <subfield code='t'>3</subfield>
        <subfield code='c'>1</subfield>
        <subfield code='o'>0</subfield>
        <subfield code='b'>00016604532</subfield>
        <subfield code='v'>v.5(1956)</subfield>
      </datafield>
      <datafield ind1='9' ind2='1' tag='999'>
        <subfield code='i'>i1509756</subfield>
        <subfield code='l'>bbha</subfield>
        <subfield code='s'>-</subfield>
        <subfield code='t'>3</subfield>
        <subfield code='c'>1</subfield>
        <subfield code='o'>0</subfield>
        <subfield code='b'>00016604523</subfield>
        <subfield code='v'>v.6(1957)</subfield>
      </datafield>
      <datafield ind1='9' ind2='1' tag='999'>
        <subfield code='i'>i1509757</subfield>
        <subfield code='l'>bbha</subfield>
        <subfield code='s'>-</subfield>
        <subfield code='t'>3</subfield>
        <subfield code='c'>1</subfield>
        <subfield code='o'>0</subfield>
        <subfield code='b'>00016604514</subfield>
        <subfield code='v'>v.7(1958)</subfield>
      </datafield>
      <datafield ind1='9' ind2='1' tag='999'>
        <subfield code='i'>i1509758</subfield>
        <subfield code='l'>bbha</subfield>
        <subfield code='s'>-</subfield>
        <subfield code='t'>3</subfield>
        <subfield code='c'>1</subfield>
        <subfield code='o'>2</subfield>
        <subfield code='b'>00016604505</subfield>
        <subfield code='v'>v.8(1959)</subfield>
      </datafield>
      <datafield ind1='9' ind2='1' tag='999'>
        <subfield code='i'>i1509759</subfield>
        <subfield code='l'>bbha</subfield>
        <subfield code='s'>-</subfield>
        <subfield code='t'>3</subfield>
        <subfield code='c'>1</subfield>
        <subfield code='o'>0</subfield>
        <subfield code='b'>00016604499</subfield>
        <subfield code='v'>v.9(1960)</subfield>
      </datafield>
      <datafield ind1='9' ind2='1' tag='999'>
        <subfield code='i'>i1509760</subfield>
        <subfield code='l'>bbha</subfield>
        <subfield code='s'>-</subfield>
        <subfield code='t'>3</subfield>
        <subfield code='c'>1</subfield>
        <subfield code='o'>0</subfield>
        <subfield code='b'>00016604480</subfield>
        <subfield code='v'>v.10(1961)</subfield>
      </datafield>
      <datafield ind1='9' ind2='1' tag='999'>
        <subfield code='i'>i1509761</subfield>
        <subfield code='l'>bbha</subfield>
        <subfield code='s'>-</subfield>
        <subfield code='t'>3</subfield>
        <subfield code='c'>1</subfield>
        <subfield code='o'>1</subfield>
        <subfield code='b'>00016604471</subfield>
        <subfield code='v'>v.11(1962)</subfield>
      </datafield>
      <datafield ind1='9' ind2='1' tag='999'>
        <subfield code='i'>i1509762</subfield>
        <subfield code='l'>bbha</subfield>
        <subfield code='s'>-</subfield>
        <subfield code='t'>3</subfield>
        <subfield code='c'>1</subfield>
        <subfield code='o'>0</subfield>
        <subfield code='b'>00016604462</subfield>
        <subfield code='v'>v.12(1963)</subfield>
      </datafield>
      <datafield ind1='9' ind2='1' tag='999'>
        <subfield code='i'>i1509763</subfield>
        <subfield code='l'>bbha</subfield>
        <subfield code='s'>-</subfield>
        <subfield code='t'>3</subfield>
        <subfield code='c'>1</subfield>
        <subfield code='o'>0</subfield>
        <subfield code='b'>00016604453</subfield>
        <subfield code='v'>v.13(1964-1965)</subfield>
      </datafield>
      <datafield ind1='9' ind2='1' tag='999'>
        <subfield code='i'>i1509764</subfield>
        <subfield code='l'>bbha</subfield>
        <subfield code='s'>-</subfield>
        <subfield code='t'>3</subfield>
        <subfield code='c'>1</subfield>
        <subfield code='o'>0</subfield>
        <subfield code='b'>00016604444</subfield>
        <subfield code='v'>v.14(1965-1966)</subfield>
      </datafield>
      <datafield ind1='9' ind2='1' tag='999'>
        <subfield code='i'>i1509765</subfield>
        <subfield code='l'>bbha</subfield>
        <subfield code='s'>-</subfield>
        <subfield code='t'>3</subfield>
        <subfield code='c'>1</subfield>
        <subfield code='o'>0</subfield>
        <subfield code='b'>00016604435</subfield>
        <subfield code='v'>v.15(1966-1967)</subfield>
      </datafield>
      <datafield ind1='9' ind2='1' tag='999'>
        <subfield code='i'>i1509766</subfield>
        <subfield code='l'>bbha</subfield>
        <subfield code='s'>-</subfield>
        <subfield code='t'>3</subfield>
        <subfield code='c'>1</subfield>
        <subfield code='o'>0</subfield>
        <subfield code='b'>00016604426</subfield>
        <subfield code='v'>v.16(1967)</subfield>
      </datafield>
      <datafield ind1='9' ind2='1' tag='999'>
        <subfield code='i'>i1509767</subfield>
        <subfield code='l'>bbha</subfield>
        <subfield code='s'>-</subfield>
        <subfield code='t'>3</subfield>
        <subfield code='c'>1</subfield>
        <subfield code='o'>0</subfield>
        <subfield code='b'>00016604417</subfield>
        <subfield code='v'>v.17(1968)</subfield>
      </datafield>
      <datafield ind1='9' ind2='1' tag='999'>
        <subfield code='i'>i1509768</subfield>
        <subfield code='l'>bbha</subfield>
        <subfield code='s'>-</subfield>
        <subfield code='t'>3</subfield>
        <subfield code='c'>1</subfield>
        <subfield code='o'>1</subfield>
        <subfield code='b'>00016604612</subfield>
        <subfield code='v'>v.18(1969)</subfield>
      </datafield>
      <datafield ind1='9' ind2='1' tag='999'>
        <subfield code='i'>i1509769</subfield>
        <subfield code='l'>bbha</subfield>
        <subfield code='s'>-</subfield>
        <subfield code='t'>3</subfield>
        <subfield code='c'>1</subfield>
        <subfield code='o'>0</subfield>
        <subfield code='b'>00016604621</subfield>
        <subfield code='v'>v.19(1970)</subfield>
      </datafield>
      <datafield ind1='9' ind2='1' tag='999'>
        <subfield code='i'>i1509770</subfield>
        <subfield code='l'>bbha</subfield>
        <subfield code='s'>-</subfield>
        <subfield code='t'>3</subfield>
        <subfield code='c'>1</subfield>
        <subfield code='o'>1</subfield>
        <subfield code='b'>10002409387</subfield>
        <subfield code='v'>v.20(1971)</subfield>
      </datafield>
      <datafield ind1='9' ind2='1' tag='999'>
        <subfield code='i'>i1509771</subfield>
        <subfield code='l'>bbha</subfield>
        <subfield code='s'>-</subfield>
        <subfield code='t'>3</subfield>
        <subfield code='c'>1</subfield>
        <subfield code='o'>0</subfield>
        <subfield code='b'>00016604630</subfield>
        <subfield code='v'>Index: v.11/20(1965/1974)</subfield>
      </datafield>
      <datafield ind1='9' ind2='1' tag='999'>
        <subfield code='i'>i1509772</subfield>
        <subfield code='l'>bbha</subfield>
        <subfield code='s'>-</subfield>
        <subfield code='t'>3</subfield>
        <subfield code='c'>1</subfield>
        <subfield code='o'>0</subfield>
        <subfield code='b'>00016604649</subfield>
        <subfield code='v'>v.21(1972)</subfield>
      </datafield>
      <datafield ind1='9' ind2='1' tag='999'>
        <subfield code='i'>i1509773</subfield>
        <subfield code='l'>bbha</subfield>
        <subfield code='s'>-</subfield>
        <subfield code='t'>3</subfield>
        <subfield code='c'>1</subfield>
        <subfield code='o'>2</subfield>
        <subfield code='b'>10002577515</subfield>
        <subfield code='v'>v.22(1973)</subfield>
      </datafield>
      <datafield ind1='9' ind2='1' tag='999'>
        <subfield code='i'>i1509774</subfield>
        <subfield code='l'>bbha</subfield>
        <subfield code='s'>-</subfield>
        <subfield code='t'>3</subfield>
        <subfield code='c'>1</subfield>
        <subfield code='o'>0</subfield>
        <subfield code='b'>00016604658</subfield>
        <subfield code='v'>v.23(1974)</subfield>
      </datafield>
      <datafield ind1='9' ind2='1' tag='999'>
        <subfield code='i'>i1509775</subfield>
        <subfield code='l'>bbha</subfield>
        <subfield code='s'>-</subfield>
        <subfield code='t'>3</subfield>
        <subfield code='c'>1</subfield>
        <subfield code='o'>0</subfield>
        <subfield code='b'>00016604667</subfield>
        <subfield code='v'>v.24(1975)</subfield>
      </datafield>
      <datafield ind1='9' ind2='1' tag='999'>
        <subfield code='i'>i1509776</subfield>
        <subfield code='l'>bbha</subfield>
        <subfield code='s'>-</subfield>
        <subfield code='t'>3</subfield>
        <subfield code='c'>1</subfield>
        <subfield code='o'>0</subfield>
        <subfield code='b'>00016604676</subfield>
        <subfield code='v'>v.25(1976)</subfield>
      </datafield>
      <datafield ind1='9' ind2='1' tag='999'>
        <subfield code='i'>i1509777</subfield>
        <subfield code='l'>bbha</subfield>
        <subfield code='s'>-</subfield>
        <subfield code='t'>3</subfield>
        <subfield code='c'>1</subfield>
        <subfield code='o'>0</subfield>
        <subfield code='b'>00016604685</subfield>
        <subfield code='v'>v.26(1977)</subfield>
      </datafield>
      <datafield ind1='9' ind2='1' tag='999'>
        <subfield code='i'>i1509778</subfield>
        <subfield code='l'>bbha</subfield>
        <subfield code='s'>-</subfield>
        <subfield code='t'>3</subfield>
        <subfield code='c'>1</subfield>
        <subfield code='o'>0</subfield>
        <subfield code='b'>00016604694</subfield>
        <subfield code='v'>v.27(1978)</subfield>
      </datafield>
      <datafield ind1='9' ind2='1' tag='999'>
        <subfield code='i'>i1509779</subfield>
        <subfield code='l'>bbha</subfield>
        <subfield code='s'>-</subfield>
        <subfield code='t'>3</subfield>
        <subfield code='c'>1</subfield>
        <subfield code='o'>0</subfield>
        <subfield code='b'>00016604701</subfield>
        <subfield code='v'>v.28(1979)</subfield>
      </datafield>
      <datafield ind1='9' ind2='1' tag='999'>
        <subfield code='i'>i1509780</subfield>
        <subfield code='l'>bbha</subfield>
        <subfield code='s'>-</subfield>
        <subfield code='t'>3</subfield>
        <subfield code='c'>1</subfield>
        <subfield code='o'>0</subfield>
        <subfield code='b'>00016604710</subfield>
        <subfield code='v'>v.29-30(1980-1981)</subfield>
      </datafield>
      <datafield ind1='9' ind2='1' tag='999'>
        <subfield code='i'>i1509781</subfield>
        <subfield code='l'>bbha</subfield>
        <subfield code='s'>-</subfield>
        <subfield code='t'>3</subfield>
        <subfield code='c'>1</subfield>
        <subfield code='o'>0</subfield>
        <subfield code='b'>00016604729</subfield>
        <subfield code='v'>v.31(1982)</subfield>
      </datafield>
      <datafield ind1='9' ind2='1' tag='999'>
        <subfield code='i'>i1509782</subfield>
        <subfield code='l'>bbha</subfield>
        <subfield code='s'>-</subfield>
        <subfield code='t'>3</subfield>
        <subfield code='c'>1</subfield>
        <subfield code='o'>2</subfield>
        <subfield code='b'>10000920167</subfield>
        <subfield code='v'>v.32-33(1983-1984)</subfield>
      </datafield>
      <datafield ind1='9' ind2='1' tag='999'>
        <subfield code='i'>i1509783</subfield>
        <subfield code='l'>bbha</subfield>
        <subfield code='s'>-</subfield>
        <subfield code='t'>3</subfield>
        <subfield code='c'>1</subfield>
        <subfield code='o'>1</subfield>
        <subfield code='b'>00016604738</subfield>
        <subfield code='v'>v.34-35(1985-1986)</subfield>
      </datafield>
      <datafield ind1='9' ind2='1' tag='999'>
        <subfield code='i'>i1509784</subfield>
        <subfield code='l'>bbha</subfield>
        <subfield code='s'>-</subfield>
        <subfield code='t'>3</subfield>
        <subfield code='c'>1</subfield>
        <subfield code='o'>0</subfield>
        <subfield code='b'>00016604747</subfield>
        <subfield code='v'>v.36-37(1987-1988)</subfield>
      </datafield>
      <datafield ind1='9' ind2='1' tag='999'>
        <subfield code='i'>i1509785</subfield>
        <subfield code='l'>bbha</subfield>
        <subfield code='s'>-</subfield>
        <subfield code='t'>3</subfield>
        <subfield code='c'>1</subfield>
        <subfield code='o'>0</subfield>
        <subfield code='b'>00016604756</subfield>
        <subfield code='v'>v.38-39(1989-1990)</subfield>
      </datafield>
      <datafield ind1='9' ind2='1' tag='999'>
        <subfield code='i'>i1509786</subfield>
        <subfield code='l'>bbha</subfield>
        <subfield code='s'>-</subfield>
        <subfield code='t'>3</subfield>
        <subfield code='c'>1</subfield>
        <subfield code='o'>0</subfield>
        <subfield code='b'>00016604765</subfield>
        <subfield code='v'>v.40-41(1991-1992)</subfield>
      </datafield>
      <datafield ind1='9' ind2='1' tag='999'>
        <subfield code='i'>i1509787</subfield>
        <subfield code='l'>bbha</subfield>
        <subfield code='s'>-</subfield>
        <subfield code='t'>3</subfield>
        <subfield code='c'>1</subfield>
        <subfield code='o'>2</subfield>
        <subfield code='b'>10000792885</subfield>
        <subfield code='v'>v.42(1993)</subfield>
      </datafield>
      <datafield ind1='9' ind2='1' tag='999'>
        <subfield code='i'>i1509788</subfield>
        <subfield code='l'>bbha</subfield>
        <subfield code='s'>-</subfield>
        <subfield code='t'>3</subfield>
        <subfield code='c'>1</subfield>
        <subfield code='o'>1</subfield>
        <subfield code='b'>10001505827</subfield>
        <subfield code='v'>v.43(1994)</subfield>
      </datafield>
      <datafield ind1='9' ind2='1' tag='999'>
        <subfield code='i'>i1509789</subfield>
        <subfield code='l'>bbha</subfield>
        <subfield code='s'>-</subfield>
        <subfield code='t'>3</subfield>
        <subfield code='c'>1</subfield>
        <subfield code='o'>3</subfield>
        <subfield code='b'>10001242479</subfield>
        <subfield code='v'>v.44-45(1995-1996)</subfield>
      </datafield>
      <datafield ind1='9' ind2='1' tag='999'>
        <subfield code='i'>i1509790</subfield>
        <subfield code='l'>bbha</subfield>
        <subfield code='s'>-</subfield>
        <subfield code='t'>3</subfield>
        <subfield code='c'>1</subfield>
        <subfield code='o'>1</subfield>
        <subfield code='b'>10002577132</subfield>
        <subfield code='v'>v.46-47(1997-1998)</subfield>
      </datafield>
      <datafield ind1='9' ind2='2' tag='999'>
        <subfield code='a'>c1333506</subfield>
        <subfield code='b'>bbha</subfield>
        <subfield code='c'>0</subfield>
      </datafield>
      <datafield ind1='9' ind2='3' tag='999'>
        <subfield code='0'>c1333506</subfield>
        <subfield code='2'>852</subfield>
        <subfield code='3'>c</subfield>
        <subfield code='x'>Earlier and later titles exist.</subfield>
        <subfield code='x'>TRLN Collaborative Print Retention Archive.</subfield>
        <subfield code='z'>Contributed by UNC to TRLN Collaborative Print Retention Archive.</subfield>
      </datafield>
      <datafield ind1='9' ind2='3' tag='999'>
        <subfield code='0'>c1333506</subfield>
        <subfield code='2'>853</subfield>
        <subfield code='3'>y</subfield>
        <subfield code='8'>1</subfield>
        <subfield code='a'>v.</subfield>
        <subfield code='b'>no.</subfield>
        <subfield code='i'>(year)</subfield>
      </datafield>
      <datafield ind1='9' ind2='3' tag='999'>
        <subfield code='0'>c1333506</subfield>
        <subfield code='2'>855</subfield>
        <subfield code='3'>y</subfield>
        <subfield code='8'>2</subfield>
        <subfield code='a'>v.</subfield>
        <subfield code='i'>(year)</subfield>
      </datafield>
      <datafield ind1='9' ind2='3' tag='999'>
        <subfield code='0'>c1333506</subfield>
        <subfield code='2'>866</subfield>
        <subfield code='3'>h</subfield>
        <subfield code='8'>1</subfield>
        <subfield code='a'>v.1(1952/1953)-v.47(1998)</subfield>
      </datafield>
      <datafield ind1='9' ind2='3' tag='999'>
        <subfield code='0'>c1333506</subfield>
        <subfield code='2'>868</subfield>
        <subfield code='3'>h</subfield>
        <subfield code='8'>2</subfield>
        <subfield code='a'>v.11/20(1965/1974)</subfield>
      </datafield>
      <datafield ind1='0' ind2='0' tag='999'>
        <subfield code='a'>2004-10-01 00:00:00-04</subfield>
        <subfield code='c'>2004-09-27 16:33:00-04</subfield>
        <subfield code='u'>2017-12-01 10:10:11-05</subfield>
      </datafield>
  </record>