
  <record>
    <leader>00000cas a2200721 a 4500</leader>
      <controlfield tag='008'>750824c19719999moutr p      f0   a0eng c</controlfield>
      <controlfield tag='001'>1567892</controlfield>
      <controlfield tag='003'>OCoLC</controlfield>
      <controlfield tag='005'>20160614144835.0</controlfield>
      <datafield ind1=' ' ind2=' ' tag='010'>
        <subfield code='a'>77648925</subfield>
      </datafield>
      <datafield ind1='0' ind2=' ' tag='022'>
        <subfield code='a'>0046-1989</subfield>
        <subfield code='l'>0046-1989</subfield>
        <subfield code='y'>0013-7758</subfield>
        <subfield code='2'>1</subfield>
      </datafield>
      <datafield ind1='1' ind2=' ' tag='029'>
        <subfield code='a'>NLGGC</subfield>
        <subfield code='b'>045229554</subfield>
      </datafield>
      <datafield ind1='1' ind2=' ' tag='029'>
        <subfield code='a'>NZ1</subfield>
        <subfield code='b'>5242960</subfield>
      </datafield>
      <datafield ind1='1' ind2=' ' tag='029'>
        <subfield code='a'>AU@</subfield>
        <subfield code='b'>000001430462</subfield>
      </datafield>
      <datafield ind1='1' ind2=' ' tag='029'>
        <subfield code='a'>ZWZ</subfield>
        <subfield code='b'>038824957</subfield>
      </datafield>
      <datafield ind1=' ' ind2=' ' tag='032'>
        <subfield code='a'>522390</subfield>
        <subfield code='b'>USPS</subfield>
      </datafield>
      <datafield ind1=' ' ind2=' ' tag='037'>
        <subfield code='a'>708-023-00000-1</subfield>
        <subfield code='b'>Subscription available from: Supt. of Docs., P.O. Box 979050, St. Louis, MO 63197-9000</subfield>
      </datafield>
      <datafield ind1=' ' ind2=' ' tag='040'>
        <subfield code='a'>MUL</subfield>
        <subfield code='b'>eng</subfield>
        <subfield code='c'>MUL</subfield>
        <subfield code='d'>OCL</subfield>
        <subfield code='d'>NSD</subfield>
        <subfield code='d'>DLC</subfield>
        <subfield code='d'>NSD</subfield>
        <subfield code='d'>DLC</subfield>
        <subfield code='d'>GPO</subfield>
        <subfield code='d'>NST</subfield>
        <subfield code='d'>AIP</subfield>
        <subfield code='d'>NSD</subfield>
        <subfield code='d'>DLC</subfield>
        <subfield code='d'>NST</subfield>
        <subfield code='d'>NYG</subfield>
        <subfield code='d'>OCL</subfield>
        <subfield code='d'>GPO</subfield>
        <subfield code='d'>NST</subfield>
        <subfield code='d'>GPO</subfield>
        <subfield code='d'>NSD</subfield>
        <subfield code='d'>GPO</subfield>
        <subfield code='d'>NSD</subfield>
        <subfield code='d'>GPO</subfield>
        <subfield code='d'>IUL</subfield>
        <subfield code='d'>GPO</subfield>
        <subfield code='d'>IUL</subfield>
        <subfield code='d'>GPO</subfield>
        <subfield code='d'>OCLCQ</subfield>
        <subfield code='d'>WAU</subfield>
        <subfield code='d'>GPO</subfield>
        <subfield code='d'>NSD</subfield>
        <subfield code='d'>GPO</subfield>
        <subfield code='d'>EYP</subfield>
        <subfield code='d'>U9S</subfield>
        <subfield code='d'>GPO</subfield>
        <subfield code='d'>OCLCQ</subfield>
        <subfield code='d'>GPO</subfield>
        <subfield code='d'>OCLCF</subfield>
        <subfield code='d'>GPO</subfield>
        <subfield code='d'>MvI</subfield>
      </datafield>
      <datafield ind1=' ' ind2=' ' tag='042'>
        <subfield code='a'>nsdp</subfield>
        <subfield code='a'>pcc</subfield>
      </datafield>
      <datafield ind1=' ' ind2=' ' tag='043'>
        <subfield code='a'>n-us---</subfield>
      </datafield>
      <datafield ind1='0' ind2='0' tag='050'>
        <subfield code='a'>UG1</subfield>
        <subfield code='b'>.E52</subfield>
      </datafield>
      <datafield ind1=' ' ind2=' ' tag='074'>
        <subfield code='a'>0334-A-02</subfield>
      </datafield>
      <datafield ind1='1' ind2='0' tag='082'>
        <subfield code='a'>358/.2/0973</subfield>
        <subfield code='2'>13</subfield>
      </datafield>
      <datafield ind1='0' ind2=' ' tag='086'>
        <subfield code='a'>D 103.115:</subfield>
      </datafield>
      <datafield ind1='0' ind2=' ' tag='130'>
        <subfield code='a'>Engineer (Fort Belvoir, Va.)</subfield>
      </datafield>
      <datafield ind1='0' ind2=' ' tag='210'>
        <subfield code='a'>Eng.</subfield>
        <subfield code='b'>(Fort Belvoir)</subfield>
      </datafield>
      <datafield ind1=' ' ind2='4' tag='222'>
        <subfield code='a'>The Engineer</subfield>
        <subfield code='b'>(Fort Belvoir)</subfield>
      </datafield>
      <datafield ind1='1' ind2='4' tag='245'>
        <subfield code='a'>The engineer.</subfield>
      </datafield>
      <datafield ind1=' ' ind2=' ' tag='260'>
        <subfield code='a'>[Fort Belvoir, Va.] :</subfield>
        <subfield code='b'>U.S. Army Engineer Center and Fort Belvoir ;</subfield>
        <subfield code='a'>Washington, D.C. :</subfield>
        <subfield code='b'>[Supt. of Docs., U.S. G.P.O., distributor]</subfield>
      </datafield>
      <datafield ind1=' ' ind2=' ' tag='300'>
        <subfield code='a'>volumes :</subfield>
        <subfield code='b'>illustrations ;</subfield>
        <subfield code='c'>28 cm.</subfield>
      </datafield>
      <datafield ind1=' ' ind2=' ' tag='310'>
        <subfield code='a'>Three times a year,</subfield>
        <subfield code='b'>July/Dec. 2008-</subfield>
      </datafield>
      <datafield ind1=' ' ind2=' ' tag='321'>
        <subfield code='a'>Quarterly,</subfield>
        <subfield code='b'>spring/summer 1971-Apr./June 2008</subfield>
      </datafield>
      <datafield ind1=' ' ind2=' ' tag='336'>
        <subfield code='a'>text</subfield>
        <subfield code='b'>txt</subfield>
        <subfield code='2'>rdacontent</subfield>
      </datafield>
      <datafield ind1=' ' ind2=' ' tag='337'>
        <subfield code='a'>unmediated</subfield>
        <subfield code='b'>n</subfield>
        <subfield code='2'>rdamedia</subfield>
      </datafield>
      <datafield ind1=' ' ind2=' ' tag='338'>
        <subfield code='a'>volume</subfield>
        <subfield code='b'>nc</subfield>
        <subfield code='2'>rdacarrier</subfield>
      </datafield>
      <datafield ind1='1' ind2=' ' tag='362'>
        <subfield code='a'>Began with spring/summer 1971.</subfield>
      </datafield>
      <datafield ind1=' ' ind2=' ' tag='500'>
        <subfield code='a'>Electronic version of this title withdrawn from the Federal Depository Library Program upon request of the publishing agency on or about 9/24/02; online access to some issues resumed on or about 10/13/04.</subfield>
      </datafield>
      <datafield ind1=' ' ind2=' ' tag='500'>
        <subfield code='a'>Published: Fort Leonard Wood, Mo., &lt;Nov. 1988-&gt;.</subfield>
      </datafield>
      <datafield ind1=' ' ind2=' ' tag='500'>
        <subfield code='a'>Subtitle changed to &quot;the professional bulletin &apos;of&apos; army engineers&quot; with the Feb. 2001 issue.</subfield>
      </datafield>
      <datafield ind1=' ' ind2=' ' tag='515'>
        <subfield code='a'>Issues for &lt;Apr. 1991-&gt; called also: &lt;v. 21-&gt;</subfield>
      </datafield>
      <datafield ind1='8' ind2=' ' tag='521'>
        <subfield code='a'>&quot;The professional bulletin for Army engineers.&quot;</subfield>
      </datafield>
      <datafield ind1=' ' ind2=' ' tag='550'>
        <subfield code='a'>Vols. for 1971-197 issued by: the U.S. Army Engineer School; &lt;winter 1979&gt;-198 by: the U.S. Army Engineer Center and Fort Belvoir; &lt;Nov. 1988-&gt; by: the U.S. Army Engineer Center and Fort Leonard Wood; &lt;Aug. 1997&gt;-200 ; &lt;Apr.-June 2006-&gt; prepared by: the U.S. Army Engineer School; &lt;May 2001&gt;-200 by: the U.S. Army Maneuver Support Center.</subfield>
      </datafield>
      <datafield ind1=' ' ind2=' ' tag='588'>
        <subfield code='a'>Description based on: Spring 1979; title from cover.</subfield>
      </datafield>
      <datafield ind1=' ' ind2=' ' tag='588'>
        <subfield code='a'>Latest issue consulted: Apr.-June 2006.</subfield>
      </datafield>
      <datafield ind1=' ' ind2='0' tag='650'>
        <subfield code='a'>Military engineering</subfield>
        <subfield code='v'>Periodicals.</subfield>
      </datafield>
      <datafield ind1=' ' ind2='7' tag='650'>
        <subfield code='a'>Military engineering.</subfield>
        <subfield code='2'>fast</subfield>
        <subfield code='0'>(OCoLC)fst01021140</subfield>
      </datafield>
      <datafield ind1=' ' ind2='7' tag='655'>
        <subfield code='a'>Periodicals.</subfield>
        <subfield code='2'>fast</subfield>
        <subfield code='0'>(OCoLC)fst01411641</subfield>
      </datafield>
      <datafield ind1='2' ind2=' ' tag='710'>
        <subfield code='a'>Army Engineer Center and Fort Belvoir.</subfield>
      </datafield>
      <datafield ind1='2' ind2=' ' tag='710'>
        <subfield code='a'>U.S. Army Engineer School.</subfield>
      </datafield>
      <datafield ind1='2' ind2=' ' tag='710'>
        <subfield code='a'>United States Army Engineer Center and Fort Leonard Wood.</subfield>
      </datafield>
      <datafield ind1='2' ind2=' ' tag='710'>
        <subfield code='a'>U.S. Army Maneuver Support Center.</subfield>
      </datafield>
      <datafield ind1='0' ind2=' ' tag='776'>
        <subfield code='t'>Engineer (Fort Belvoir, Va. : Online)</subfield>
        <subfield code='x'>1554-9496</subfield>
        <subfield code='w'>(DLC) 2001230303</subfield>
        <subfield code='w'>(OCoLC)47235729</subfield>
      </datafield>
      <datafield ind1='0' ind2='8' tag='776'>
        <subfield code='i'>Online version:</subfield>
        <subfield code='t'>Engineer (Fort Belvoir, Va.)</subfield>
        <subfield code='w'>(OCoLC)855298653</subfield>
      </datafield>
      <datafield ind1=' ' ind2='0' tag='830'>
        <subfield code='a'>PB (United States. Army)</subfield>
      </datafield>
      <datafield ind1=' ' ind2=' ' tag='850'>
        <subfield code='a'>DLC</subfield>
        <subfield code='a'>IaAS</subfield>
        <subfield code='a'>InU</subfield>
        <subfield code='a'>N</subfield>
        <subfield code='a'>NN</subfield>
        <subfield code='a'>NSyU</subfield>
        <subfield code='a'>PPi</subfield>
        <subfield code='a'>TxArU</subfield>
        <subfield code='a'>TxU</subfield>
      </datafield>
      <datafield ind1=' ' ind2=' ' tag='907'>
        <subfield code='a'>b1301072</subfield>
      </datafield>
      <datafield ind1='9' ind2='1' tag='999'>
        <subfield code='i'>i1594925</subfield>
        <subfield code='l'>dcpf</subfield>
        <subfield code='s'>-</subfield>
        <subfield code='t'>20</subfield>
        <subfield code='c'>1</subfield>
        <subfield code='o'>0</subfield>
        <subfield code='b'>HAHC-6705-00001</subfield>
        <subfield code='p'>0860#</subfield>
        <subfield code='q'>|aD 103.115:</subfield>
        <subfield code='v'>1971-1973</subfield>
      </datafield>
      <datafield ind1='9' ind2='1' tag='999'>
        <subfield code='i'>i1594926</subfield>
        <subfield code='l'>dcpf</subfield>
        <subfield code='s'>-</subfield>
        <subfield code='t'>20</subfield>
        <subfield code='c'>1</subfield>
        <subfield code='o'>0</subfield>
        <subfield code='b'>HAHC-6705-00002</subfield>
        <subfield code='p'>0860#</subfield>
        <subfield code='q'>|aD 103.115:</subfield>
        <subfield code='v'>1976-</subfield>
      </datafield>
      <datafield ind1='9' ind2='2' tag='999'>
        <subfield code='a'>c1347341</subfield>
        <subfield code='b'>dcpf</subfield>
        <subfield code='c'>0</subfield>
      </datafield>
      <datafield ind1='9' ind2='3' tag='999'>
        <subfield code='0'>c1347341</subfield>
        <subfield code='2'>852</subfield>
        <subfield code='3'>c</subfield>
        <subfield code='b'>553388</subfield>
        <subfield code='h'>D 103.115:</subfield>
      </datafield>
      <datafield ind1='9' ind2='3' tag='999'>
        <subfield code='0'>c1347341</subfield>
        <subfield code='2'>853</subfield>
        <subfield code='3'>y</subfield>
        <subfield code='8'>1</subfield>
        <subfield code='a'>(Year)</subfield>
      </datafield>
      <datafield ind1='9' ind2='3' tag='999'>
        <subfield code='0'>c1347341</subfield>
        <subfield code='2'>863</subfield>
        <subfield code='3'>h</subfield>
        <subfield code='8'>1.1</subfield>
        <subfield code='a'>1971-1973</subfield>
        <subfield code='p'>HAHC-6705-00001</subfield>
      </datafield>
      <datafield ind1='9' ind2='3' tag='999'>
        <subfield code='0'>c1347341</subfield>
        <subfield code='2'>863</subfield>
        <subfield code='3'>h</subfield>
        <subfield code='8'>1.2</subfield>
        <subfield code='a'>1976-</subfield>
        <subfield code='p'>HAHC-6705-00002</subfield>
      </datafield>
      <datafield ind1='0' ind2='0' tag='999'>
        <subfield code='a'>2016-07-12 00:00:00-04</subfield>
        <subfield code='c'>2004-09-27 18:43:02-04</subfield>
        <subfield code='u'>2017-12-01 10:11:18-05</subfield>
      </datafield>
  </record>