
  <record>
    <leader>00000cas a2200457   4500</leader>
      <controlfield tag='008'>750921c19699999nyuqr1p      l0   a0eng d</controlfield>
      <controlfield tag='001'>1642057</controlfield>
      <controlfield tag='005'>19791117000000.0</controlfield>
      <datafield ind1=' ' ind2=' ' tag='010'>
        <subfield code='a'>78640157</subfield>
        <subfield code='z'>sc 78000908</subfield>
      </datafield>
      <datafield ind1=' ' ind2=' ' tag='022'>
        <subfield code='a'>0045-9046</subfield>
      </datafield>
      <datafield ind1=' ' ind2=' ' tag='030'>
        <subfield code='a'>CITVD3</subfield>
      </datafield>
      <datafield ind1=' ' ind2=' ' tag='037'>
        <subfield code='c'>$9.00 (individual)</subfield>
        <subfield code='c'>$15.00 (institution)</subfield>
      </datafield>
      <datafield ind1=' ' ind2=' ' tag='037'>
        <subfield code='b'>Crisis Intervention Institute, 3258 Main St., University Heights, Buffalo, N.Y., 14214</subfield>
      </datafield>
      <datafield ind1=' ' ind2=' ' tag='040'>
        <subfield code='a'>MUL</subfield>
        <subfield code='c'>MUL</subfield>
        <subfield code='d'>HUL</subfield>
        <subfield code='d'>NSD</subfield>
        <subfield code='d'>DLC</subfield>
        <subfield code='d'>NOH</subfield>
      </datafield>
      <datafield ind1=' ' ind2=' ' tag='042'>
        <subfield code='a'>nsdp</subfield>
        <subfield code='a'>lc</subfield>
      </datafield>
      <datafield ind1='0' ind2=' ' tag='050'>
        <subfield code='a'>RC480.6</subfield>
        <subfield code='b'>.C72</subfield>
      </datafield>
      <datafield ind1=' ' ind2=' ' tag='082'>
        <subfield code='a'>362.2</subfield>
      </datafield>
      <datafield ind1='0' ind2=' ' tag='210'>
        <subfield code='a'>Crisis interv.</subfield>
      </datafield>
      <datafield ind1=' ' ind2='0' tag='222'>
        <subfield code='a'>Crisis intervention</subfield>
      </datafield>
      <datafield ind1='0' ind2='0' tag='245'>
        <subfield code='a'>Crisis intervention</subfield>
        <subfield code='h'>[serial].</subfield>
      </datafield>
      <datafield ind1=' ' ind2=' ' tag='260'>
        <subfield code='a'>Buffalo</subfield>
        <subfield code='b'>Crisis Intervention Institute [etc.]</subfield>
      </datafield>
      <datafield ind1=' ' ind2=' ' tag='300'>
        <subfield code='a'>v.</subfield>
        <subfield code='c'>22 cm.</subfield>
      </datafield>
      <datafield ind1=' ' ind2=' ' tag='310'>
        <subfield code='a'>Quarterly, v. 2, no. 3-&lt;v. 4, no. 1&gt;</subfield>
      </datafield>
      <datafield ind1=' ' ind2=' ' tag='321'>
        <subfield code='a'>Bimonthly, v. 1-2, no. 2</subfield>
      </datafield>
      <datafield ind1='0' ind2=' ' tag='362'>
        <subfield code='a'>v. 1- 1969-</subfield>
      </datafield>
      <datafield ind1=' ' ind2=' ' tag='525'>
        <subfield code='a'>Some issues accompanied by supplements.</subfield>
      </datafield>
      <datafield ind1=' ' ind2='0' tag='650'>
        <subfield code='a'>Crisis intervention (Mental health services)</subfield>
        <subfield code='v'>Periodicals.</subfield>
      </datafield>
      <datafield ind1=' ' ind2='2' tag='650'>
        <subfield code='a'>Crisis Intervention.</subfield>
      </datafield>
      <datafield ind1=' ' ind2='0' tag='650'>
        <subfield code='a'>Suicide</subfield>
        <subfield code='x'>Prevention</subfield>
        <subfield code='v'>Periodicals.</subfield>
      </datafield>
      <datafield ind1=' ' ind2='2' tag='655'>
        <subfield code='a'>Periodicals.</subfield>
      </datafield>
      <datafield ind1='2' ind2=' ' tag='710'>
        <subfield code='a'>Crisis Intervention Institute.</subfield>
      </datafield>
      <datafield ind1=' ' ind2=' ' tag='907'>
        <subfield code='a'>b1310968</subfield>
      </datafield>
      <datafield ind1='9' ind2='1' tag='999'>
        <subfield code='i'>i1649099</subfield>
        <subfield code='l'>nohs</subfield>
        <subfield code='s'>-</subfield>
        <subfield code='t'>2</subfield>
        <subfield code='c'>1</subfield>
        <subfield code='o'>0</subfield>
        <subfield code='v'>v.9(1978)</subfield>
      </datafield>
      <datafield ind1='9' ind2='1' tag='999'>
        <subfield code='i'>i1649100</subfield>
        <subfield code='l'>nohs</subfield>
        <subfield code='s'>-</subfield>
        <subfield code='t'>2</subfield>
        <subfield code='c'>1</subfield>
        <subfield code='o'>0</subfield>
        <subfield code='v'>v.10(1979)</subfield>
      </datafield>
      <datafield ind1='9' ind2='1' tag='999'>
        <subfield code='i'>i1649101</subfield>
        <subfield code='l'>nohs</subfield>
        <subfield code='s'>-</subfield>
        <subfield code='t'>2</subfield>
        <subfield code='c'>1</subfield>
        <subfield code='o'>0</subfield>
        <subfield code='v'>v.11(1980)</subfield>
      </datafield>
      <datafield ind1='9' ind2='1' tag='999'>
        <subfield code='i'>i1649102</subfield>
        <subfield code='l'>nohs</subfield>
        <subfield code='s'>-</subfield>
        <subfield code='t'>2</subfield>
        <subfield code='c'>1</subfield>
        <subfield code='o'>0</subfield>
        <subfield code='v'>v.12(1981)</subfield>
      </datafield>
      <datafield ind1='9' ind2='1' tag='999'>
        <subfield code='i'>i1649103</subfield>
        <subfield code='l'>nohs</subfield>
        <subfield code='s'>-</subfield>
        <subfield code='t'>2</subfield>
        <subfield code='c'>1</subfield>
        <subfield code='o'>0</subfield>
        <subfield code='v'>v.13(1982/1984)</subfield>
      </datafield>
      <datafield ind1='9' ind2='1' tag='999'>
        <subfield code='i'>i1649104</subfield>
        <subfield code='l'>nohs</subfield>
        <subfield code='s'>-</subfield>
        <subfield code='t'>2</subfield>
        <subfield code='c'>1</subfield>
        <subfield code='o'>0</subfield>
        <subfield code='v'>v.14(1985/1986)</subfield>
      </datafield>
      <datafield ind1='9' ind2='2' tag='999'>
        <subfield code='a'>c10019834</subfield>
        <subfield code='b'>nohs</subfield>
        <subfield code='c'>0</subfield>
      </datafield>
      <datafield ind1='9' ind2='3' tag='999'>
        <subfield code='0'>c10019834</subfield>
        <subfield code='2'>852</subfield>
        <subfield code='3'>c</subfield>
        <subfield code='z'>Shelved by title.</subfield>
      </datafield>
      <datafield ind1='9' ind2='3' tag='999'>
        <subfield code='0'>c10019834</subfield>
        <subfield code='2'>853</subfield>
        <subfield code='3'>g</subfield>
        <subfield code='8'>1</subfield>
        <subfield code='a'>v.</subfield>
        <subfield code='i'>(year)</subfield>
        <subfield code='t'>c.</subfield>
      </datafield>
      <datafield ind1='0' ind2='0' tag='999'>
        <subfield code='a'>2004-10-01 00:00:00-04</subfield>
        <subfield code='c'>2004-09-27 18:43:54-04</subfield>
        <subfield code='u'>2017-12-01 10:12:11-05</subfield>
      </datafield>
  </record>