
  <record>
    <leader>00000cgm  2200385Ia 4500</leader>
      <controlfield tag='008'>800729s1980    cau075ug          vleng d</controlfield>
      <controlfield tag='007'>vfrb-aho</controlfield>
      <controlfield tag='001'>6563081</controlfield>
      <controlfield tag='005'>19820619000000.0</controlfield>
      <datafield ind1=' ' ind2=' ' tag='040'>
        <subfield code='a'>TLM</subfield>
        <subfield code='c'>TLM</subfield>
        <subfield code='d'>m.c.</subfield>
        <subfield code='d'>NOC</subfield>
      </datafield>
      <datafield ind1='0' ind2='0' tag='245'>
        <subfield code='a'>Dracula</subfield>
        <subfield code='h'>[videocassette] /</subfield>
        <subfield code='c'>Universal Pictures Corporation ; directed by Tod Browning ; produced by Carl Laemmle.</subfield>
      </datafield>
      <datafield ind1=' ' ind2=' ' tag='260'>
        <subfield code='a'>Universal City, Calif. :</subfield>
        <subfield code='b'>MCA Videocassette,</subfield>
        <subfield code='c'>1980.</subfield>
      </datafield>
      <datafield ind1=' ' ind2=' ' tag='300'>
        <subfield code='a'>1 videocassette (75 min.) :</subfield>
        <subfield code='b'>sd., b&amp;w ;</subfield>
        <subfield code='c'>1/2 in.</subfield>
      </datafield>
      <datafield ind1=' ' ind2=' ' tag='500'>
        <subfield code='a'>Originally produced or released in 1931.</subfield>
      </datafield>
      <datafield ind1=' ' ind2=' ' tag='500'>
        <subfield code='a'>Run time: approx. 84 min.</subfield>
      </datafield>
      <datafield ind1=' ' ind2=' ' tag='500'>
        <subfield code='a'>VHS format.</subfield>
      </datafield>
      <datafield ind1=' ' ind2=' ' tag='500'>
        <subfield code='a'>Based on the book of the same title by Bram Stoker.</subfield>
      </datafield>
      <datafield ind1=' ' ind2=' ' tag='508'>
        <subfield code='a'>Screenplay, Garret Fort with dialogue by Dudley Murphy ; photography, Karl Freund.</subfield>
      </datafield>
      <datafield ind1='1' ind2=' ' tag='511'>
        <subfield code='a'>Bela Lugosi, David Manners, Helen Chandler, Edward Van Sloan, Dwight Frye, Frances Dade.</subfield>
      </datafield>
      <datafield ind1=' ' ind2=' ' tag='520'>
        <subfield code='a'>The first talking version of the Bram Stoker story about the murderous vampire from Transylvania.  The film was released just after the huge success of Frankenstein by Universal Pictures.  It too was a major success.  The film is quite dated today.  It moves at a slow, humdrum pace.  As the count, Bela Lugosi played a role he had performed on stage and one that would establish him as a pre-eminent exponent of the genre.  He would be typed cast the rest of his career in similar kinds of roles.</subfield>
      </datafield>
      <datafield ind1=' ' ind2=' ' tag='520'>
        <subfield code='a'>The most famous and enduring screen version of Bram Stoker&apos;s chilling tale of the granddaddy of all vampires.</subfield>
      </datafield>
      <datafield ind1=' ' ind2='7' tag='655'>
        <subfield code='a'>American Movies.</subfield>
        <subfield code='2'>local</subfield>
      </datafield>
      <datafield ind1=' ' ind2='7' tag='655'>
        <subfield code='a'>Drama.</subfield>
        <subfield code='2'>local</subfield>
      </datafield>
      <datafield ind1=' ' ind2='7' tag='655'>
        <subfield code='a'>Horror.</subfield>
        <subfield code='2'>local</subfield>
      </datafield>
      <datafield ind1=' ' ind2='7' tag='655'>
        <subfield code='a'>National Film Registry.</subfield>
        <subfield code='2'>local</subfield>
      </datafield>
      <datafield ind1=' ' ind2='7' tag='655'>
        <subfield code='a'>Thriller/Suspense.</subfield>
        <subfield code='2'>local</subfield>
      </datafield>
      <datafield ind1=' ' ind2=' ' tag='691'>
        <subfield code='a'>USA.</subfield>
      </datafield>
      <datafield ind1='1' ind2=' ' tag='700'>
        <subfield code='a'>Browning, Tod,</subfield>
        <subfield code='d'>1880-1962.</subfield>
        <subfield code='4'>drt</subfield>
      </datafield>
      <datafield ind1='1' ind2=' ' tag='700'>
        <subfield code='a'>Stoker, Bram,</subfield>
        <subfield code='d'>1847-1912.</subfield>
        <subfield code='t'>Dracula.</subfield>
      </datafield>
      <datafield ind1='2' ind2=' ' tag='710'>
        <subfield code='a'>Universal Pictures Corporation.</subfield>
      </datafield>
      <datafield ind1=' ' ind2=' ' tag='907'>
        <subfield code='a'>b1709125</subfield>
      </datafield>
      <datafield ind1='9' ind2='1' tag='999'>
        <subfield code='i'>i2449635</subfield>
        <subfield code='l'>uldal</subfield>
        <subfield code='s'>o</subfield>
        <subfield code='t'>57</subfield>
        <subfield code='c'>1</subfield>
        <subfield code='o'>12</subfield>
        <subfield code='b'>00006441111</subfield>
        <subfield code='p'>099#9</subfield>
        <subfield code='q'>|a65-V176</subfield>
      </datafield>
      <datafield ind1='0' ind2='0' tag='999'>
        <subfield code='a'>2004-10-01 00:00:00-04</subfield>
        <subfield code='c'>2004-09-30 09:06:00-04</subfield>
        <subfield code='u'>2016-09-26 09:15:09-04</subfield>
      </datafield>
  </record>