
  <record>
    <leader>00000cas a2200397Ia 4500</leader>
      <controlfield tag='008'>820331d17971797mauuu  ec     0   a0eng d</controlfield>
      <controlfield tag='001'>8294419</controlfield>
      <controlfield tag='003'>OCoLC</controlfield>
      <controlfield tag='005'>20160328084634.0</controlfield>
      <datafield ind1=' ' ind2=' ' tag='035'>
        <subfield code='a'>(OCoLC)8294419</subfield>
      </datafield>
      <datafield ind1=' ' ind2=' ' tag='040'>
        <subfield code='a'>NOC</subfield>
        <subfield code='b'>eng</subfield>
        <subfield code='c'>NOC</subfield>
        <subfield code='d'>OCL</subfield>
        <subfield code='d'>OCLCG</subfield>
        <subfield code='d'>LIBRO</subfield>
        <subfield code='d'>OCLCO</subfield>
        <subfield code='d'>OCLCF</subfield>
      </datafield>
      <datafield ind1=' ' ind2=' ' tag='049'>
        <subfield code='a'>NOCC</subfield>
      </datafield>
      <datafield ind1='1' ind2='4' tag='050'>
        <subfield code='a'>AN2.A2</subfield>
        <subfield code='b'>P65</subfield>
      </datafield>
      <datafield ind1='0' ind2='0' tag='245'>
        <subfield code='a'>Porcupine&apos;s gazette and United States daily advertiser</subfield>
        <subfield code='h'>[microopaque serial].</subfield>
      </datafield>
      <datafield ind1=' ' ind2=' ' tag='260'>
        <subfield code='a'>Philadelphia, [Pa.] :</subfield>
        <subfield code='b'>William Cobbett.</subfield>
      </datafield>
      <datafield ind1=' ' ind2=' ' tag='300'>
        <subfield code='a'>v.</subfield>
      </datafield>
      <datafield ind1=' ' ind2=' ' tag='310'>
        <subfield code='a'>Daily (except Sunday)</subfield>
      </datafield>
      <datafield ind1='0' ind2=' ' tag='362'>
        <subfield code='a'>Vol. 1 = No. 1 (Mar. 4, 1797)-no. 43 (Apr. 22, 1797).</subfield>
      </datafield>
      <datafield ind1=' ' ind2=' ' tag='533'>
        <subfield code='a'>Microopaque.</subfield>
        <subfield code='b'>Worcester, Mass. :</subfield>
        <subfield code='b'>Micro Research Corporation [for the American Antiquarian Society].</subfield>
        <subfield code='e'>4 opaques ; 15 x 23 cm.</subfield>
      </datafield>
      <datafield ind1=' ' ind2='0' tag='651'>
        <subfield code='a'>Philadelphia (Pa.)</subfield>
        <subfield code='v'>Newspapers.</subfield>
      </datafield>
      <datafield ind1=' ' ind2='0' tag='651'>
        <subfield code='a'>Pennsylvania</subfield>
        <subfield code='x'>History</subfield>
        <subfield code='v'>Sources.</subfield>
      </datafield>
      <datafield ind1=' ' ind2='7' tag='651'>
        <subfield code='a'>Pennsylvania.</subfield>
        <subfield code='2'>fast</subfield>
        <subfield code='0'>(OCoLC)fst01204598</subfield>
      </datafield>
      <datafield ind1=' ' ind2='7' tag='651'>
        <subfield code='a'>Pennsylvania</subfield>
        <subfield code='z'>Philadelphia.</subfield>
        <subfield code='2'>fast</subfield>
        <subfield code='0'>(OCoLC)fst01204170</subfield>
      </datafield>
      <datafield ind1=' ' ind2='7' tag='655'>
        <subfield code='a'>History.</subfield>
        <subfield code='2'>fast</subfield>
        <subfield code='0'>(OCoLC)fst01411628</subfield>
      </datafield>
      <datafield ind1=' ' ind2='7' tag='655'>
        <subfield code='a'>Newspapers.</subfield>
        <subfield code='2'>fast</subfield>
        <subfield code='0'>(OCoLC)fst01423814</subfield>
      </datafield>
      <datafield ind1=' ' ind2='7' tag='655'>
        <subfield code='a'>Sources.</subfield>
        <subfield code='2'>fast</subfield>
        <subfield code='0'>(OCoLC)fst01423900</subfield>
      </datafield>
      <datafield ind1='1' ind2=' ' tag='700'>
        <subfield code='a'>Cobbett, William,</subfield>
        <subfield code='d'>1763-1835.</subfield>
      </datafield>
      <datafield ind1=' ' ind2=' ' tag='752'>
        <subfield code='a'>United States</subfield>
        <subfield code='b'>Pennsylvania</subfield>
        <subfield code='d'>Philadelphia</subfield>
      </datafield>
      <datafield ind1='0' ind2='0' tag='785'>
        <subfield code='t'>Porcupine&apos;s gazette</subfield>
        <subfield code='w'>(OCoLC)8291524</subfield>
      </datafield>
      <datafield ind1=' ' ind2=' ' tag='907'>
        <subfield code='a'>b1817196</subfield>
      </datafield>
      <datafield ind1='9' ind2='1' tag='999'>
        <subfield code='i'>i2623968</subfield>
        <subfield code='l'>dgdaf</subfield>
        <subfield code='s'>-</subfield>
        <subfield code='t'>26</subfield>
        <subfield code='c'>1</subfield>
        <subfield code='o'>0</subfield>
        <subfield code='b'>HAJI-2454-00001</subfield>
        <subfield code='p'>099#9</subfield>
        <subfield code='q'>|aSerial 1-18</subfield>
        <subfield code='v'>no.1-43(1797)</subfield>
      </datafield>
      <datafield ind1='9' ind2='2' tag='999'>
        <subfield code='a'>c2066026</subfield>
        <subfield code='b'>dgdaf</subfield>
        <subfield code='c'>0</subfield>
      </datafield>
      <datafield ind1='9' ind2='3' tag='999'>
        <subfield code='0'>c2066026</subfield>
        <subfield code='2'>852</subfield>
        <subfield code='3'>c</subfield>
        <subfield code='b'>553411</subfield>
        <subfield code='g'>Microprint</subfield>
        <subfield code='h'>Serial</subfield>
        <subfield code='i'>1-18</subfield>
        <subfield code='x'>Later titles exist.</subfield>
      </datafield>
      <datafield ind1='9' ind2='3' tag='999'>
        <subfield code='0'>c2066026</subfield>
        <subfield code='2'>853</subfield>
        <subfield code='3'>y</subfield>
        <subfield code='8'>1</subfield>
        <subfield code='a'>no.</subfield>
        <subfield code='i'>(year)</subfield>
      </datafield>
      <datafield ind1='9' ind2='3' tag='999'>
        <subfield code='0'>c2066026</subfield>
        <subfield code='2'>863</subfield>
        <subfield code='3'>h</subfield>
        <subfield code='8'>1.1</subfield>
        <subfield code='a'>1-43</subfield>
        <subfield code='i'>1797</subfield>
        <subfield code='p'>HAJI-2454-00001</subfield>
      </datafield>
      <datafield ind1='0' ind2='0' tag='999'>
        <subfield code='a'>2016-03-28 00:00:00-04</subfield>
        <subfield code='c'>2004-09-30 09:22:58-04</subfield>
        <subfield code='u'>2017-12-01 10:24:06-05</subfield>
      </datafield>
  </record>