
  <record>
    <leader>00000cjm a2200445Ia 4500</leader>
      <controlfield tag='008'>820406s1981    meuzzn   h          zxx d</controlfield>
      <controlfield tag='007'>sdrbsme------</controlfield>
      <controlfield tag='001'>8312508</controlfield>
      <controlfield tag='005'>19901103154029.4</controlfield>
      <datafield ind1='0' ind2='1' tag='028'>
        <subfield code='a'>80--81</subfield>
        <subfield code='b'>Opus One</subfield>
      </datafield>
      <datafield ind1='2' ind2=' ' tag='033'>
        <subfield code='a'>19810611</subfield>
        <subfield code='a'>19810618</subfield>
      </datafield>
      <datafield ind1=' ' ind2=' ' tag='040'>
        <subfield code='a'>CIN</subfield>
        <subfield code='c'>CIN</subfield>
        <subfield code='d'>NOC</subfield>
      </datafield>
      <datafield ind1='2' ind2=' ' tag='110'>
        <subfield code='a'>Percussion Group Cincinnati.</subfield>
      </datafield>
      <datafield ind1='1' ind2='4' tag='245'>
        <subfield code='a'>The Percussion Group Cincinnati</subfield>
        <subfield code='h'>[sound disc].</subfield>
      </datafield>
      <datafield ind1=' ' ind2=' ' tag='260'>
        <subfield code='a'>Greenville, Maine :</subfield>
        <subfield code='b'>Opus One,</subfield>
        <subfield code='c'>c1981.</subfield>
      </datafield>
      <datafield ind1=' ' ind2=' ' tag='300'>
        <subfield code='a'>2 sound discs (83 min., 3 sec.) :</subfield>
        <subfield code='b'>33¹/₃ rpm, stereo. ;</subfield>
        <subfield code='c'>12 in.</subfield>
      </datafield>
      <datafield ind1=' ' ind2=' ' tag='500'>
        <subfield code='a'>Title from container.</subfield>
      </datafield>
      <datafield ind1=' ' ind2=' ' tag='500'>
        <subfield code='a'>Program notes ([1]p.) inserted in container.</subfield>
      </datafield>
      <datafield ind1='0' ind2=' ' tag='505'>
        <subfield code='a'>More dust : [percussion and electronic tape] (13 min., 20 sec.) / Herbert Brün -- Para-diddle (6 min., 8 sec.) / Theodore May -- The cosmology of easy listening (8 min., 56 sec.) / Stephen Mosko -- Paradox III (11 min., 15 sec.) / Takayoshi Yoshioka --Continuous showing (5 min., 2 sec.) / William De Fotis -- Five studies on six notes (18 min., 22 sec.) / Jonathan D. Kramer -- Lift off (7 min., 46 sec.) / Russell Peck -- For 1, 2, or 3 people (9 min., 18 sec.) / Christian Wolff --Strike (2 min., 56 sec.) / Michael Udow.</subfield>
      </datafield>
      <datafield ind1='0' ind2=' ' tag='511'>
        <subfield code='a'>Percussion ensembles ; The Percussion Group Cincinnati.</subfield>
      </datafield>
      <datafield ind1=' ' ind2=' ' tag='518'>
        <subfield code='a'>Recorded June 11-18, 1981, Corbett Auditorium, College-Conservatory of Music, University of Cincinnati.</subfield>
      </datafield>
      <datafield ind1=' ' ind2='0' tag='650'>
        <subfield code='a'>Percussion ensembles.</subfield>
      </datafield>
      <datafield ind1=' ' ind2='7' tag='655'>
        <subfield code='a'>Aleatory music.</subfield>
        <subfield code='2'>lcgft</subfield>
      </datafield>
      <datafield ind1='1' ind2='2' tag='700'>
        <subfield code='a'>Brün, Herbert,</subfield>
        <subfield code='d'>1918-2000.</subfield>
        <subfield code='t'>More dust.</subfield>
      </datafield>
      <datafield ind1='1' ind2='2' tag='700'>
        <subfield code='a'>May, Theodore,</subfield>
        <subfield code='d'>1943-</subfield>
        <subfield code='t'>Para-diddle.</subfield>
      </datafield>
      <datafield ind1='1' ind2='2' tag='700'>
        <subfield code='a'>Mosko, Stephen L.</subfield>
        <subfield code='t'>Cosmology of easy listening.</subfield>
      </datafield>
      <datafield ind1='1' ind2='2' tag='700'>
        <subfield code='a'>Yoshioka, Takayoshi,</subfield>
        <subfield code='d'>1955-</subfield>
        <subfield code='t'>Paradox,</subfield>
        <subfield code='n'>no. 3.</subfield>
      </datafield>
      <datafield ind1='1' ind2='2' tag='700'>
        <subfield code='a'>DeFotis, William.</subfield>
        <subfield code='t'>Continuous showing.</subfield>
      </datafield>
      <datafield ind1='1' ind2='2' tag='700'>
        <subfield code='a'>Kramer, Jonathan D.,</subfield>
        <subfield code='d'>1942-2004.</subfield>
        <subfield code='t'>Studies on six notes.</subfield>
      </datafield>
      <datafield ind1='1' ind2='2' tag='700'>
        <subfield code='a'>Peck, Russell,</subfield>
        <subfield code='d'>1945-2009.</subfield>
        <subfield code='t'>Lift-off!</subfield>
      </datafield>
      <datafield ind1='1' ind2='2' tag='700'>
        <subfield code='a'>Wolff, Christian,</subfield>
        <subfield code='d'>1934-</subfield>
        <subfield code='t'>For 1, 2, or 3 people.</subfield>
      </datafield>
      <datafield ind1='1' ind2='2' tag='700'>
        <subfield code='a'>Udow, Michael W.</subfield>
        <subfield code='q'>(Michael William).</subfield>
        <subfield code='t'>Strike.</subfield>
      </datafield>
      <datafield ind1=' ' ind2='0' tag='830'>
        <subfield code='a'>Contemporary music on records.</subfield>
      </datafield>
      <datafield ind1=' ' ind2=' ' tag='907'>
        <subfield code='a'>b1818381</subfield>
      </datafield>
      <datafield ind1='9' ind2='1' tag='999'>
        <subfield code='i'>i2625666</subfield>
        <subfield code='l'>mmdd</subfield>
        <subfield code='s'>-</subfield>
        <subfield code='t'>50</subfield>
        <subfield code='c'>1</subfield>
        <subfield code='o'>3</subfield>
        <subfield code='b'>00010617031</subfield>
        <subfield code='p'>099#9</subfield>
        <subfield code='q'>|a16,928a</subfield>
      </datafield>
      <datafield ind1='0' ind2='0' tag='999'>
        <subfield code='a'>2004-10-01 00:00:00-04</subfield>
        <subfield code='c'>2004-09-30 09:23:09-04</subfield>
        <subfield code='u'>2017-04-14 18:23:38-04</subfield>
      </datafield>
  </record>