
  <record>
    <leader>00000cpcaa2200625Ia 4500</leader>
      <controlfield tag='008'>900914i18331888scu                 eng d</controlfield>
      <controlfield tag='007'>hd afu---bacu</controlfield>
      <controlfield tag='007'>hd afu---baau</controlfield>
      <controlfield tag='007'>hd afu---babu</controlfield>
      <controlfield tag='001'>22376929</controlfield>
      <controlfield tag='003'>OCoLC</controlfield>
      <controlfield tag='005'>20140701082507.0</controlfield>
      <datafield ind1=' ' ind2=' ' tag='035'>
        <subfield code='a'>(OCoLC)22376929</subfield>
      </datafield>
      <datafield ind1=' ' ind2=' ' tag='040'>
        <subfield code='a'>NOC</subfield>
        <subfield code='b'>eng</subfield>
        <subfield code='c'>NOC</subfield>
        <subfield code='d'>OCLCQ</subfield>
        <subfield code='d'>NOC</subfield>
      </datafield>
      <datafield ind1=' ' ind2=' ' tag='043'>
        <subfield code='a'>n-us-sc</subfield>
      </datafield>
      <datafield ind1=' ' ind2=' ' tag='049'>
        <subfield code='a'>NOCC</subfield>
      </datafield>
      <datafield ind1='1' ind2=' ' tag='100'>
        <subfield code='a'>Sparkman, William Ervine,</subfield>
        <subfield code='d'>1813-1846.</subfield>
      </datafield>
      <datafield ind1='1' ind2='0' tag='245'>
        <subfield code='a'>William Ervine Sparkman plantation journal,</subfield>
        <subfield code='f'>1833-1888</subfield>
        <subfield code='g'>(bulk 1833-1866).</subfield>
      </datafield>
      <datafield ind1=' ' ind2=' ' tag='300'>
        <subfield code='a'>1</subfield>
        <subfield code='f'>v.</subfield>
      </datafield>
      <datafield ind1=' ' ind2=' ' tag='500'>
        <subfield code='a'>In the Southern Historical Collection, University of North Carolina at Chapel Hill (#681-z).</subfield>
      </datafield>
      <datafield ind1=' ' ind2=' ' tag='500'>
        <subfield code='a'>Master microfilm (M-681) held by: NcU.</subfield>
      </datafield>
      <datafield ind1=' ' ind2=' ' tag='500'>
        <subfield code='a'>Microfilm filmed by University of North Carolina, Library, Photographic Service, 1979.</subfield>
      </datafield>
      <datafield ind1='8' ind2=' ' tag='520'>
        <subfield code='a'>The collection is a plantation journal containing a wide variety of entries documenting work at Springwood and Cottage plantations, both on the Black River in South Carolina. Entries continuing after Sparkman&apos;s death in 1846 were probably made by his brother, James Ritchie Sparkman, and his widow, M.A.E. (Burgess) Sparkman, and possibly also by an overseer.</subfield>
      </datafield>
      <datafield ind1=' ' ind2=' ' tag='520'>
        <subfield code='a'>Microfilm contents: Reel 1. Entire collection,</subfield>
      </datafield>
      <datafield ind1=' ' ind2=' ' tag='530'>
        <subfield code='a'>Microfilm copy available.</subfield>
      </datafield>
      <datafield ind1=' ' ind2=' ' tag='530'>
        <subfield code='a'>Additional microfilm: All or part of this collection is also available on microfilm from University Publications of America as part of the Records of ante-bellum southern plantations from the Revolution through the Civil War, Series J.</subfield>
      </datafield>
      <datafield ind1=' ' ind2=' ' tag='541'>
        <subfield code='c'>Acquired</subfield>
        <subfield code='d'>prior to 1940.</subfield>
      </datafield>
      <datafield ind1=' ' ind2=' ' tag='541'>
        <subfield code='c'>Acquired</subfield>
        <subfield code='d'>prior to 1940</subfield>
      </datafield>
      <datafield ind1=' ' ind2=' ' tag='544'>
        <subfield code='d'>See also James Ritchie Sparkman books (#2732);</subfield>
        <subfield code='d'>Sparkman family papers (#2791) at the</subfield>
        <subfield code='a'>Southern Historical Collection, University of North Carolina at Chapel Hill.</subfield>
      </datafield>
      <datafield ind1=' ' ind2=' ' tag='544'>
        <subfield code='d'>See also W.E. Sparkman account book at the</subfield>
        <subfield code='a'>South Caroliniana Library, University of South Carolina.</subfield>
      </datafield>
      <datafield ind1=' ' ind2=' ' tag='545'>
        <subfield code='a'>William Ervine Sparkman, South Carolina rice planter of the Georgetown and Williamsburg districts on the Black River, married M.A.E. Burgess in December 1836. He was the brother of James Ritchie Sparkman (1815-1897).</subfield>
      </datafield>
      <datafield ind1='1' ind2='0' tag='600'>
        <subfield code='a'>Sparkman, James Ritchie,</subfield>
        <subfield code='d'>1815-1897.</subfield>
      </datafield>
      <datafield ind1='1' ind2='0' tag='600'>
        <subfield code='a'>Sparkman, M. A. E. Burgess,</subfield>
        <subfield code='d'>active 1830-1840.</subfield>
      </datafield>
      <datafield ind1='1' ind2='0' tag='600'>
        <subfield code='a'>Sparkman, William Ervine,</subfield>
        <subfield code='d'>1813-1846.</subfield>
      </datafield>
      <datafield ind1=' ' ind2='0' tag='650'>
        <subfield code='a'>Agriculture</subfield>
        <subfield code='z'>South Carolina.</subfield>
      </datafield>
      <datafield ind1=' ' ind2='0' tag='650'>
        <subfield code='a'>Plantations</subfield>
        <subfield code='z'>South Carolina.</subfield>
      </datafield>
      <datafield ind1=' ' ind2='0' tag='650'>
        <subfield code='a'>Rice</subfield>
        <subfield code='x'>Planting</subfield>
        <subfield code='z'>South Carolina.</subfield>
      </datafield>
      <datafield ind1=' ' ind2='0' tag='650'>
        <subfield code='a'>Slavery</subfield>
        <subfield code='z'>South Carolina.</subfield>
      </datafield>
      <datafield ind1=' ' ind2='0' tag='651'>
        <subfield code='a'>Cottage Plantation (S.C.)</subfield>
      </datafield>
      <datafield ind1=' ' ind2='0' tag='651'>
        <subfield code='a'>Georgetown District (S.C.)</subfield>
        <subfield code='x'>History.</subfield>
      </datafield>
      <datafield ind1=' ' ind2='0' tag='651'>
        <subfield code='a'>Springwood Plantation (S.C.)</subfield>
      </datafield>
      <datafield ind1=' ' ind2='0' tag='651'>
        <subfield code='a'>Williamsburg District (S.C.)</subfield>
        <subfield code='x'>History.</subfield>
      </datafield>
      <datafield ind1='4' ind2='2' tag='856'>
        <subfield code='3'>Finding aid</subfield>
        <subfield code='u'>http://finding-aids.lib.unc.edu/00681/</subfield>
      </datafield>
      <datafield ind1=' ' ind2=' ' tag='907'>
        <subfield code='a'>b2364073</subfield>
      </datafield>
      <datafield ind1='9' ind2='1' tag='999'>
        <subfield code='i'>i10390413</subfield>
        <subfield code='l'>dgdda</subfield>
        <subfield code='s'>-</subfield>
        <subfield code='t'>69</subfield>
        <subfield code='c'>1</subfield>
        <subfield code='o'>0</subfield>
        <subfield code='b'>00051762127</subfield>
        <subfield code='p'>099#9</subfield>
        <subfield code='q'>|a1-4485 (681)</subfield>
      </datafield>
      <datafield ind1='9' ind2='1' tag='999'>
        <subfield code='i'>i3398459</subfield>
        <subfield code='l'>wadc</subfield>
        <subfield code='s'>o</subfield>
        <subfield code='t'>24</subfield>
        <subfield code='c'>1</subfield>
        <subfield code='o'>0</subfield>
        <subfield code='b'>HALQ-2002-00001</subfield>
        <subfield code='p'>099#9</subfield>
        <subfield code='q'>|a681-z</subfield>
      </datafield>
      <datafield ind1='0' ind2='0' tag='999'>
        <subfield code='a'>2014-07-01 00:00:00-04</subfield>
        <subfield code='c'>2004-10-01 09:24:00-04</subfield>
        <subfield code='u'>2018-01-24 06:01:09-05</subfield>
      </datafield>
  </record>