
  <record>
    <leader>00000cam a2200445Ia 4500</leader>
      <controlfield tag='008'>920114s1990    dcu      bst f000 0 eng d</controlfield>
      <controlfield tag='001'>22735868</controlfield>
      <controlfield tag='005'>19920114000000.0</controlfield>
      <datafield ind1=' ' ind2=' ' tag='037'>
        <subfield code='a'>PB 90-101494</subfield>
        <subfield code='b'>NTIS</subfield>
      </datafield>
      <datafield ind1=' ' ind2=' ' tag='040'>
        <subfield code='a'>TIH</subfield>
        <subfield code='c'>TIH</subfield>
        <subfield code='d'>VET</subfield>
        <subfield code='d'>OCL</subfield>
        <subfield code='d'>VYL</subfield>
        <subfield code='d'>GPO</subfield>
        <subfield code='d'>NOH</subfield>
      </datafield>
      <datafield ind1=' ' ind2=' ' tag='043'>
        <subfield code='a'>n-us---</subfield>
      </datafield>
      <datafield ind1=' ' ind2=' ' tag='074'>
        <subfield code='a'>491-B-17</subfield>
      </datafield>
      <datafield ind1='0' ind2=' ' tag='086'>
        <subfield code='a'>HE 20.6514:13</subfield>
      </datafield>
      <datafield ind1=' ' ind2=' ' tag='088'>
        <subfield code='a'>AHCPR 90-21</subfield>
      </datafield>
      <datafield ind1='0' ind2='4' tag='245'>
        <subfield code='a'>The 50 most frequent diagnosis-related groups (DRGs), diagnoses, and procedures :</subfield>
        <subfield code='b'>statistics by hospital size and location /</subfield>
        <subfield code='c'>Nancy Lemrow ... [et al.].</subfield>
      </datafield>
      <datafield ind1=' ' ind2=' ' tag='260'>
        <subfield code='a'>Rockville, Md. :</subfield>
        <subfield code='b'>U.S. Dept. of Health and Human Services, Public Health Service, Agency for Health Care Policy and Research ;</subfield>
        <subfield code='a'>Springfield, VA :</subfield>
        <subfield code='b'>Available from National Technical Information Service,</subfield>
        <subfield code='c'>[1990]</subfield>
      </datafield>
      <datafield ind1=' ' ind2=' ' tag='300'>
        <subfield code='a'>vi, 110 p. ;</subfield>
        <subfield code='c'>28 cm.</subfield>
      </datafield>
      <datafield ind1=' ' ind2=' ' tag='500'>
        <subfield code='a'>At head of title: AHCPR Division of Provider Studies.</subfield>
      </datafield>
      <datafield ind1=' ' ind2=' ' tag='500'>
        <subfield code='a'>&quot;September 1990&quot;--T.p. verso.</subfield>
      </datafield>
      <datafield ind1=' ' ind2=' ' tag='500'>
        <subfield code='a'>&quot;AHCPR 90-21&quot;--P. [3] of cover.</subfield>
      </datafield>
      <datafield ind1=' ' ind2=' ' tag='504'>
        <subfield code='a'>Includes bibliographical references (p. 109).</subfield>
      </datafield>
      <datafield ind1=' ' ind2=' ' tag='513'>
        <subfield code='a'>In house.</subfield>
      </datafield>
      <datafield ind1=' ' ind2='2' tag='650'>
        <subfield code='a'>Diagnosis-Related Groups.</subfield>
      </datafield>
      <datafield ind1=' ' ind2='2' tag='650'>
        <subfield code='a'>Hospitals.</subfield>
      </datafield>
      <datafield ind1=' ' ind2='2' tag='651'>
        <subfield code='a'>United States.</subfield>
      </datafield>
      <datafield ind1=' ' ind2='2' tag='655'>
        <subfield code='a'>Statistics.</subfield>
      </datafield>
      <datafield ind1='1' ind2=' ' tag='700'>
        <subfield code='a'>Lemrow, Nancy.</subfield>
      </datafield>
      <datafield ind1='1' ind2=' ' tag='710'>
        <subfield code='a'>United States.</subfield>
        <subfield code='b'>Agency for Health Care Policy and Research.</subfield>
        <subfield code='b'>Division of Provider Studies.</subfield>
      </datafield>
      <datafield ind1='0' ind2=' ' tag='740'>
        <subfield code='a'>Fifty most frequent diagnosis related groups (DRGs), diagnoses, and procedures.</subfield>
      </datafield>
      <datafield ind1=' ' ind2='0' tag='830'>
        <subfield code='a'>Research note (Hospital Studies Program (United States. Agency for Health Care Policy and Research)) ;</subfield>
        <subfield code='v'>13.</subfield>
      </datafield>
      <datafield ind1=' ' ind2='0' tag='830'>
        <subfield code='a'>DHHS publication ;</subfield>
        <subfield code='v'>no. (PHS) 90-3465.</subfield>
      </datafield>
      <datafield ind1=' ' ind2=' ' tag='907'>
        <subfield code='a'>b2372593</subfield>
      </datafield>
      <datafield ind1='9' ind2='1' tag='999'>
        <subfield code='i'>i3410253</subfield>
        <subfield code='l'>dcpf</subfield>
        <subfield code='s'>-</subfield>
        <subfield code='t'>20</subfield>
        <subfield code='c'>1</subfield>
        <subfield code='o'>0</subfield>
        <subfield code='b'>HBAN-7765-00001</subfield>
        <subfield code='p'>0860#</subfield>
        <subfield code='q'>|aHE 20.6514:13</subfield>
      </datafield>
      <datafield ind1='0' ind2='0' tag='999'>
        <subfield code='a'>2004-10-01 00:00:00-04</subfield>
        <subfield code='c'>2004-10-01 09:24:00-04</subfield>
        <subfield code='u'>2018-03-22 06:00:57-04</subfield>
      </datafield>
  </record>