
  <record>
    <leader>00000cpcaa2200637Ia 4500</leader>
      <controlfield tag='007'>hd afu---bacu</controlfield>
      <controlfield tag='007'>hd afu---baau</controlfield>
      <controlfield tag='007'>hd afu---babu</controlfield>
      <controlfield tag='008'>911031r19001923ncu     a           eng d</controlfield>
      <controlfield tag='001'>24654936</controlfield>
      <controlfield tag='003'>OCoLC</controlfield>
      <controlfield tag='005'>20160210093220.0</controlfield>
      <datafield ind1=' ' ind2=' ' tag='010'>
        <subfield code='b'>ms 78002347</subfield>
      </datafield>
      <datafield ind1=' ' ind2=' ' tag='035'>
        <subfield code='a'>(OCoLC)24654936</subfield>
      </datafield>
      <datafield ind1=' ' ind2=' ' tag='040'>
        <subfield code='a'>NOC</subfield>
        <subfield code='b'>eng</subfield>
        <subfield code='c'>NOC</subfield>
        <subfield code='d'>OCLCO</subfield>
        <subfield code='d'>NOC</subfield>
      </datafield>
      <datafield ind1=' ' ind2=' ' tag='049'>
        <subfield code='a'>NOCC</subfield>
      </datafield>
      <datafield ind1='1' ind2=' ' tag='100'>
        <subfield code='a'>Stubbs, Alfred Houghton,</subfield>
        <subfield code='d'>1841-1924.</subfield>
      </datafield>
      <datafield ind1='1' ind2='0' tag='245'>
        <subfield code='a'>Alfred Houghton Stubbs diary,</subfield>
        <subfield code='f'>1900-1923</subfield>
        <subfield code='h'>[microfilm manuscript].</subfield>
      </datafield>
      <datafield ind1=' ' ind2=' ' tag='300'>
        <subfield code='a'>23</subfield>
        <subfield code='f'>v.</subfield>
      </datafield>
      <datafield ind1=' ' ind2=' ' tag='500'>
        <subfield code='a'>In the Southern Historical Collection, University of North Carolina at Chapel Hill (#3263).</subfield>
      </datafield>
      <datafield ind1='8' ind2=' ' tag='520'>
        <subfield code='a'>Concise, sometimes cryptic, daily diary by Stubbs, Episcopal clergyman in the missionary district of Asheville (which became the Diocese of Western North Carolina in 1922). He was Warden of Ravenscroft Associate Mission, Asheville, serving mission congregations in the surrounding mountain region, and held various church offices and committee appointments in the district. Entries mention services, incidents, problems, meetings, fund drives, Bishop Junius Moore Horner, Archdeacon John Hammond Griffith, Episcopal laymen and families, and social engagements. Volumes for 1911 and 1914 are missing.</subfield>
      </datafield>
      <datafield ind1=' ' ind2=' ' tag='533'>
        <subfield code='a'>Microfilm (negative).</subfield>
        <subfield code='b'>Chapel Hill, N.C. :</subfield>
        <subfield code='c'>University Library, University of North Carolina at Chapel Hill,</subfield>
        <subfield code='d'>1987.</subfield>
        <subfield code='e'>5 microfilm reelS ; 35 mm.</subfield>
        <subfield code='n'>Master microform (M-3263) held by: NcU.</subfield>
      </datafield>
      <datafield ind1='1' ind2=' ' tag='535'>
        <subfield code='a'>Diocesan Library, Episcopal Diocese of Western North Carolina,</subfield>
        <subfield code='b'>P. O. Box 368, Black Mountain, N.C. 28711.</subfield>
      </datafield>
      <datafield ind1=' ' ind2=' ' tag='545'>
        <subfield code='a'>Episcopal clergyman of western North Carolina.</subfield>
      </datafield>
      <datafield ind1='1' ind2='0' tag='600'>
        <subfield code='a'>Griffith, John Hammond.</subfield>
      </datafield>
      <datafield ind1='1' ind2='0' tag='600'>
        <subfield code='a'>Horner, Junius M.</subfield>
        <subfield code='q'>(Junius Moore),</subfield>
        <subfield code='d'>1859-1933.</subfield>
      </datafield>
      <datafield ind1='1' ind2='0' tag='600'>
        <subfield code='a'>Stubbs, Alfred Houghton,</subfield>
        <subfield code='d'>1841-1924.</subfield>
      </datafield>
      <datafield ind1='2' ind2='0' tag='610'>
        <subfield code='a'>Episcopal Church</subfield>
        <subfield code='x'>Missions</subfield>
        <subfield code='z'>North Carolina</subfield>
        <subfield code='x'>History</subfield>
        <subfield code='y'>20th century.</subfield>
      </datafield>
      <datafield ind1='2' ind2='0' tag='610'>
        <subfield code='a'>Episcopal Church</subfield>
        <subfield code='z'>North Carolina</subfield>
        <subfield code='x'>History</subfield>
        <subfield code='y'>20th century.</subfield>
      </datafield>
      <datafield ind1='2' ind2='0' tag='610'>
        <subfield code='a'>Episcopal Church.</subfield>
        <subfield code='b'>Diocese of Western North Carolina.</subfield>
      </datafield>
      <datafield ind1='2' ind2='0' tag='610'>
        <subfield code='a'>Ravenscroft Associate Mission (Asheville, N.C.)</subfield>
      </datafield>
      <datafield ind1=' ' ind2='0' tag='650'>
        <subfield code='a'>Clergy</subfield>
        <subfield code='z'>North Carolina</subfield>
        <subfield code='x'>History</subfield>
        <subfield code='y'>20th century.</subfield>
      </datafield>
      <datafield ind1=' ' ind2='0' tag='650'>
        <subfield code='a'>Home missions</subfield>
        <subfield code='z'>North Carolina</subfield>
        <subfield code='x'>History</subfield>
        <subfield code='y'>20th century.</subfield>
      </datafield>
      <datafield ind1=' ' ind2='0' tag='651'>
        <subfield code='a'>Asheville (N.C.)</subfield>
        <subfield code='x'>Social life and customs.</subfield>
      </datafield>
      <datafield ind1=' ' ind2='7' tag='655'>
        <subfield code='a'>Diaries.</subfield>
        <subfield code='2'>lcgft</subfield>
      </datafield>
      <datafield ind1='4' ind2='2' tag='856'>
        <subfield code='3'>Finding aid</subfield>
        <subfield code='u'>http://finding-aids.lib.unc.edu/03263/</subfield>
      </datafield>
      <datafield ind1=' ' ind2=' ' tag='907'>
        <subfield code='a'>b2415252</subfield>
      </datafield>
      <datafield ind1='9' ind2='1' tag='999'>
        <subfield code='i'>i10949096</subfield>
        <subfield code='l'>dgdda</subfield>
        <subfield code='s'>-</subfield>
        <subfield code='t'>69</subfield>
        <subfield code='c'>1</subfield>
        <subfield code='o'>0</subfield>
        <subfield code='b'>00051772857</subfield>
        <subfield code='p'>099#9</subfield>
        <subfield code='q'>|a1-4485 (3263)</subfield>
        <subfield code='v'>reel 1</subfield>
      </datafield>
      <datafield ind1='9' ind2='1' tag='999'>
        <subfield code='i'>i10949099</subfield>
        <subfield code='l'>dgdda</subfield>
        <subfield code='s'>-</subfield>
        <subfield code='t'>69</subfield>
        <subfield code='c'>1</subfield>
        <subfield code='o'>0</subfield>
        <subfield code='b'>00051772973</subfield>
        <subfield code='p'>099#9</subfield>
        <subfield code='q'>|a1-4485 (3263)</subfield>
        <subfield code='v'>reel 2</subfield>
      </datafield>
      <datafield ind1='9' ind2='1' tag='999'>
        <subfield code='i'>i10949102</subfield>
        <subfield code='l'>dgdda</subfield>
        <subfield code='s'>-</subfield>
        <subfield code='t'>69</subfield>
        <subfield code='c'>1</subfield>
        <subfield code='o'>0</subfield>
        <subfield code='b'>00051772483</subfield>
        <subfield code='p'>099#9</subfield>
        <subfield code='q'>|a1-4485 (3263)</subfield>
        <subfield code='v'>reel 3</subfield>
      </datafield>
      <datafield ind1='9' ind2='1' tag='999'>
        <subfield code='i'>i10949105</subfield>
        <subfield code='l'>dgdda</subfield>
        <subfield code='s'>-</subfield>
        <subfield code='t'>69</subfield>
        <subfield code='c'>1</subfield>
        <subfield code='o'>0</subfield>
        <subfield code='b'>00051772606</subfield>
        <subfield code='p'>099#9</subfield>
        <subfield code='q'>|a1-4485 (3263)</subfield>
        <subfield code='v'>reel 4</subfield>
      </datafield>
      <datafield ind1='9' ind2='1' tag='999'>
        <subfield code='i'>i10949108</subfield>
        <subfield code='l'>dgdda</subfield>
        <subfield code='s'>-</subfield>
        <subfield code='t'>69</subfield>
        <subfield code='c'>1</subfield>
        <subfield code='o'>0</subfield>
        <subfield code='b'>00051772722</subfield>
        <subfield code='p'>099#9</subfield>
        <subfield code='q'>|a1-4485 (3263)</subfield>
        <subfield code='v'>reel 5</subfield>
      </datafield>
      <datafield ind1='9' ind2='1' tag='999'>
        <subfield code='i'>i3466839</subfield>
        <subfield code='l'>wadc</subfield>
        <subfield code='s'>o</subfield>
        <subfield code='t'>24</subfield>
        <subfield code='c'>1</subfield>
        <subfield code='o'>0</subfield>
        <subfield code='b'>HALV-6669-00001</subfield>
        <subfield code='p'>099#9</subfield>
        <subfield code='q'>|a3263</subfield>
      </datafield>
      <datafield ind1='0' ind2='0' tag='999'>
        <subfield code='a'>2016-02-10 00:00:00-05</subfield>
        <subfield code='c'>2004-10-02 08:14:00-04</subfield>
        <subfield code='u'>2016-12-09 19:57:39-05</subfield>
      </datafield>
  </record>