
  <record>
    <leader>00000cms  2200361 a 4500</leader>
      <controlfield tag='006'>suu         0    0</controlfield>
      <controlfield tag='008'>950109d19941998sz         d        eng d</controlfield>
      <controlfield tag='007'>co ugu</controlfield>
      <controlfield tag='001'>31788500</controlfield>
      <controlfield tag='005'>19990506134946.0</controlfield>
      <datafield ind1=' ' ind2=' ' tag='010'>
        <subfield code='a'>sn 97031658</subfield>
      </datafield>
      <datafield ind1=' ' ind2=' ' tag='040'>
        <subfield code='a'>NYP</subfield>
        <subfield code='c'>NYP</subfield>
        <subfield code='d'>OCL</subfield>
        <subfield code='d'>HUL</subfield>
        <subfield code='d'>EYM</subfield>
        <subfield code='d'>DLC</subfield>
        <subfield code='d'>NOC</subfield>
      </datafield>
      <datafield ind1='0' ind2=' ' tag='041'>
        <subfield code='a'>engfre</subfield>
      </datafield>
      <datafield ind1=' ' ind2=' ' tag='042'>
        <subfield code='a'>lcd</subfield>
      </datafield>
      <datafield ind1='0' ind2='0' tag='245'>
        <subfield code='a'>Mayer international auction records</subfield>
        <subfield code='h'>[CD-ROM serial].</subfield>
      </datafield>
      <datafield ind1='1' ind2=' ' tag='246'>
        <subfield code='i'>At head of title screen:</subfield>
        <subfield code='a'>Mayer on CD-ROM</subfield>
      </datafield>
      <datafield ind1='1' ind2='3' tag='246'>
        <subfield code='a'>International auction records on CD-ROM</subfield>
      </datafield>
      <datafield ind1='1' ind2=' ' tag='246'>
        <subfield code='i'>Title also in French:</subfield>
        <subfield code='a'>Livre international des ventes aux enchères</subfield>
      </datafield>
      <datafield ind1=' ' ind2=' ' tag='260'>
        <subfield code='a'>Lausanne :</subfield>
        <subfield code='b'>Editions Acatos ;</subfield>
        <subfield code='a'>Dublin :</subfield>
        <subfield code='b'>Digital Media Resources :</subfield>
        <subfield code='b'>Distributed by Chadwick-Healey [Alexandria, Va.],</subfield>
        <subfield code='c'>1994-</subfield>
      </datafield>
      <datafield ind1=' ' ind2=' ' tag='300'>
        <subfield code='a'>computer laser optical discs ;</subfield>
        <subfield code='c'>4 3/4 in.</subfield>
      </datafield>
      <datafield ind1='0' ind2=' ' tag='362'>
        <subfield code='a'>1994:1-</subfield>
      </datafield>
      <datafield ind1='1' ind2=' ' tag='362'>
        <subfield code='a'>Ceased with; 1998:12.</subfield>
      </datafield>
      <datafield ind1=' ' ind2=' ' tag='500'>
        <subfield code='a'>Title from disc label.</subfield>
      </datafield>
      <datafield ind1=' ' ind2=' ' tag='500'>
        <subfield code='a'>Each issue cumulates all previous issues.</subfield>
      </datafield>
      <datafield ind1=' ' ind2=' ' tag='515'>
        <subfield code='a'>Issue for 1994:1 includes coverage from 1988-1993; issue for 1995:1 includes coverage from 1987-1994.</subfield>
      </datafield>
      <datafield ind1='8' ind2=' ' tag='556'>
        <subfield code='a'>Accompanied by user&apos;s manual (in English and French). Title on manual: Mayer international auction records on CD-ROM.</subfield>
      </datafield>
      <datafield ind1=' ' ind2=' ' tag='580'>
        <subfield code='a'>CD-ROM version of: International auction records, and: Mayer.</subfield>
      </datafield>
      <datafield ind1=' ' ind2='0' tag='650'>
        <subfield code='a'>Art auctions</subfield>
        <subfield code='v'>Databases.</subfield>
      </datafield>
      <datafield ind1=' ' ind2='0' tag='650'>
        <subfield code='a'>Art</subfield>
        <subfield code='x'>Prices</subfield>
        <subfield code='v'>Databases.</subfield>
      </datafield>
      <datafield ind1='1' ind2=' ' tag='776'>
        <subfield code='t'>International auction records</subfield>
        <subfield code='x'>0074-1922</subfield>
        <subfield code='w'>(DLC)  78002167</subfield>
        <subfield code='w'>(OCoLC)6777181</subfield>
      </datafield>
      <datafield ind1='1' ind2=' ' tag='776'>
        <subfield code='t'>Mayer</subfield>
        <subfield code='w'>(DLC)  96652066</subfield>
        <subfield code='w'>(OCoLC)32610986</subfield>
      </datafield>
      <datafield ind1=' ' ind2=' ' tag='907'>
        <subfield code='a'>b3226895</subfield>
      </datafield>
      <datafield ind1='9' ind2='1' tag='999'>
        <subfield code='i'>i4584422</subfield>
        <subfield code='l'>aadaa</subfield>
        <subfield code='s'>o</subfield>
        <subfield code='t'>9</subfield>
        <subfield code='c'>1</subfield>
        <subfield code='o'>0</subfield>
        <subfield code='b'>00040577740</subfield>
        <subfield code='p'>099#9</subfield>
        <subfield code='q'>|a5-CDROM8</subfield>
        <subfield code='v'>1998</subfield>
      </datafield>
      <datafield ind1='9' ind2='2' tag='999'>
        <subfield code='a'>c3385129</subfield>
        <subfield code='b'>aada</subfield>
        <subfield code='c'>0</subfield>
      </datafield>
      <datafield ind1='9' ind2='3' tag='999'>
        <subfield code='0'>c3385129</subfield>
        <subfield code='2'>852</subfield>
        <subfield code='3'>c</subfield>
        <subfield code='b'>573321</subfield>
        <subfield code='g'>CD-ROM</subfield>
        <subfield code='h'>Serial</subfield>
        <subfield code='i'>5-8</subfield>
      </datafield>
      <datafield ind1='9' ind2='3' tag='999'>
        <subfield code='0'>c3385129</subfield>
        <subfield code='2'>853</subfield>
        <subfield code='3'>y</subfield>
        <subfield code='8'>1</subfield>
        <subfield code='a'>(year)</subfield>
      </datafield>
      <datafield ind1='9' ind2='3' tag='999'>
        <subfield code='0'>c3385129</subfield>
        <subfield code='2'>863</subfield>
        <subfield code='3'>h</subfield>
        <subfield code='8'>1.1</subfield>
        <subfield code='a'>1998</subfield>
      </datafield>
      <datafield ind1='0' ind2='0' tag='999'>
        <subfield code='a'>2004-10-01 00:00:00-04</subfield>
        <subfield code='c'>2004-10-04 10:23:46-04</subfield>
        <subfield code='u'>2017-12-01 10:39:29-05</subfield>
      </datafield>
  </record>