
  <record>
    <leader>00000nam  2200337 a 4500</leader>
      <controlfield tag='008'>870601s1984    mdu      ta  f000 0 eng d</controlfield>
      <controlfield tag='001'>15861394</controlfield>
      <datafield ind1=' ' ind2=' ' tag='035'>
        <subfield code='a'>(GPO)87013625</subfield>
      </datafield>
      <datafield ind1=' ' ind2=' ' tag='040'>
        <subfield code='a'>GPO</subfield>
        <subfield code='c'>GPO</subfield>
      </datafield>
      <datafield ind1=' ' ind2=' ' tag='043'>
        <subfield code='a'>n-us---</subfield>
      </datafield>
      <datafield ind1=' ' ind2=' ' tag='074'>
        <subfield code='a'>247-D (MF)</subfield>
      </datafield>
      <datafield ind1='0' ind2=' ' tag='086'>
        <subfield code='a'>C 13.58:84-2857-1</subfield>
      </datafield>
      <datafield ind1='1' ind2=' ' tag='100'>
        <subfield code='a'>Mayo-Wells, J. Franklin.</subfield>
      </datafield>
      <datafield ind1='1' ind2='0' tag='245'>
        <subfield code='a'>Technical progress bulletin :</subfield>
        <subfield code='b'>covering Center programs, January-March 1983 /</subfield>
        <subfield code='c'>[compiler: J. Franklin Mayo-Wells].</subfield>
      </datafield>
      <datafield ind1='3' ind2=' ' tag='246'>
        <subfield code='a'>CEEE technical progress bulletin - March 84</subfield>
      </datafield>
      <datafield ind1=' ' ind2=' ' tag='260'>
        <subfield code='a'>Gaithersburg, Md. :</subfield>
        <subfield code='b'>U.S. Dept. of Commerce, National Bureau of Standards ;</subfield>
        <subfield code='a'>Springfield, VA :</subfield>
        <subfield code='b'>National Technical Information Service [distributor,</subfield>
        <subfield code='c'>1984]</subfield>
      </datafield>
      <datafield ind1=' ' ind2=' ' tag='300'>
        <subfield code='a'>12 p. ;</subfield>
        <subfield code='c'>28 cm.</subfield>
      </datafield>
      <datafield ind1=' ' ind2=' ' tag='500'>
        <subfield code='a'>Cover title.</subfield>
      </datafield>
      <datafield ind1=' ' ind2=' ' tag='500'>
        <subfield code='a'>Running title: CEEE technical progress bulletin - March 84.</subfield>
      </datafield>
      <datafield ind1=' ' ind2=' ' tag='500'>
        <subfield code='a'>At head of title: Center for Electronics and Electrical Engineering.</subfield>
      </datafield>
      <datafield ind1=' ' ind2=' ' tag='500'>
        <subfield code='a'>Distributed to depository libraries in microfiche.</subfield>
      </datafield>
      <datafield ind1=' ' ind2=' ' tag='500'>
        <subfield code='a'>&quot;March 1984; issued June 1984.&quot;</subfield>
      </datafield>
      <datafield ind1=' ' ind2=' ' tag='513'>
        <subfield code='b'>January - March 1983.</subfield>
      </datafield>
      <datafield ind1='2' ind2='0' tag='610'>
        <subfield code='a'>Center for Electronics and Electrical Engineering (U.S.)</subfield>
      </datafield>
      <datafield ind1=' ' ind2='0' tag='650'>
        <subfield code='a'>Electrical engineering</subfield>
        <subfield code='z'>United States</subfield>
        <subfield code='v'>Abstracts.</subfield>
      </datafield>
      <datafield ind1='2' ind2=' ' tag='710'>
        <subfield code='a'>Center for Electronics and Electrical Engineering (U.S.)</subfield>
      </datafield>
      <datafield ind1=' ' ind2='0' tag='830'>
        <subfield code='a'>NBSIR ;</subfield>
        <subfield code='v'>84-2857-1.</subfield>
      </datafield>
      <datafield ind1=' ' ind2=' ' tag='907'>
        <subfield code='a'>b3405558</subfield>
      </datafield>
      <datafield ind1='9' ind2='1' tag='999'>
        <subfield code='i'>i4828671</subfield>
        <subfield code='l'>dcpfb</subfield>
        <subfield code='s'>-</subfield>
        <subfield code='t'>20</subfield>
        <subfield code='c'>1</subfield>
        <subfield code='o'>0</subfield>
        <subfield code='b'>HAZD-4682-00001</subfield>
        <subfield code='p'>0860#</subfield>
        <subfield code='q'>|aC 13.58:84-2857-1</subfield>
      </datafield>
      <datafield ind1='0' ind2='0' tag='999'>
        <subfield code='a'>2004-10-01 00:00:00-04</subfield>
        <subfield code='c'>2004-10-05 07:57:29-04</subfield>
        <subfield code='u'>2013-10-10 09:38:28-04</subfield>
      </datafield>
  </record>