
  <record>
    <leader>00000nam a2200361 a 4500</leader>
      <controlfield tag='008'>980618s1996    ilua    bbt  f000 0 eng d</controlfield>
      <controlfield tag='007'>he bmb024baca</controlfield>
      <controlfield tag='001'>39307962</controlfield>
      <controlfield tag='005'>19990127120502.0</controlfield>
      <datafield ind1=' ' ind2=' ' tag='035'>
        <subfield code='a'>(GPO)99004919</subfield>
      </datafield>
      <datafield ind1=' ' ind2=' ' tag='040'>
        <subfield code='d'>GPO</subfield>
        <subfield code='d'>DLC</subfield>
        <subfield code='d'>MvI</subfield>
      </datafield>
      <datafield ind1=' ' ind2=' ' tag='074'>
        <subfield code='a'>0335-A (MF)</subfield>
      </datafield>
      <datafield ind1='0' ind2=' ' tag='086'>
        <subfield code='a'>D 103.53:96/58</subfield>
      </datafield>
      <datafield ind1='1' ind2=' ' tag='100'>
        <subfield code='a'>Heckel, J. S.</subfield>
      </datafield>
      <datafield ind1='1' ind2='2' tag='245'>
        <subfield code='a'>A methodology for linking symbolic and graphical models for collaborative engineering</subfield>
        <subfield code='h'>[microform] /</subfield>
        <subfield code='c'>by Jeffrey S. Heckel, Kirk D. McGraw, Michael P. Case.</subfield>
      </datafield>
      <datafield ind1=' ' ind2=' ' tag='260'>
        <subfield code='a'>[Champaign, IL] :</subfield>
        <subfield code='b'>US Army Corps of Engineers, Construction Engineering Research Laboratories ;</subfield>
        <subfield code='a'>[Springfield, VA :</subfield>
        <subfield code='b'>National Technical Information Service, distributor,</subfield>
        <subfield code='c'>1996]</subfield>
      </datafield>
      <datafield ind1=' ' ind2=' ' tag='300'>
        <subfield code='a'>78 p. :</subfield>
        <subfield code='b'>ill. ;</subfield>
        <subfield code='c'>28 cm.</subfield>
      </datafield>
      <datafield ind1=' ' ind2=' ' tag='500'>
        <subfield code='a'>Final.</subfield>
      </datafield>
      <datafield ind1=' ' ind2=' ' tag='500'>
        <subfield code='a'>Shipping list no.: 98-0010-M</subfield>
      </datafield>
      <datafield ind1=' ' ind2=' ' tag='500'>
        <subfield code='a'>&quot;April 1996.&quot;</subfield>
      </datafield>
      <datafield ind1=' ' ind2=' ' tag='504'>
        <subfield code='a'>Includes bibliographical references (p. 28).</subfield>
      </datafield>
      <datafield ind1=' ' ind2=' ' tag='533'>
        <subfield code='a'>Microfiche.</subfield>
        <subfield code='b'>[Washington, D.C.] :</subfield>
        <subfield code='c'>Supt. of Docs., U.S. G.P.O.,</subfield>
        <subfield code='d'>[1997]</subfield>
        <subfield code='e'>1 microfiche : negative.</subfield>
      </datafield>
      <datafield ind1=' ' ind2=' ' tag='536'>
        <subfield code='a'>Headquarters, U.S. Army Corps of Engineers.</subfield>
        <subfield code='d'>4A162784,</subfield>
        <subfield code='d'>AT 45,</subfield>
        <subfield code='d'>FF-XS5.</subfield>
      </datafield>
      <datafield ind1=' ' ind2='0' tag='650'>
        <subfield code='a'>Computer-aided design.</subfield>
      </datafield>
      <datafield ind1=' ' ind2='0' tag='650'>
        <subfield code='a'>Rule-based programming.</subfield>
      </datafield>
      <datafield ind1='1' ind2=' ' tag='700'>
        <subfield code='a'>McGraw, Kirk D.</subfield>
      </datafield>
      <datafield ind1='1' ind2=' ' tag='700'>
        <subfield code='a'>Case, M. P.</subfield>
      </datafield>
      <datafield ind1='2' ind2=' ' tag='710'>
        <subfield code='a'>Construction Engineering Research Laboratories (U.S.)</subfield>
      </datafield>
      <datafield ind1=' ' ind2='0' tag='830'>
        <subfield code='a'>USACERL technical report ;</subfield>
        <subfield code='v'>P-96/58.</subfield>
      </datafield>
      <datafield ind1=' ' ind2=' ' tag='907'>
        <subfield code='a'>b3455797</subfield>
      </datafield>
      <datafield ind1='9' ind2='1' tag='999'>
        <subfield code='i'>i4882415</subfield>
        <subfield code='l'>dcpf</subfield>
        <subfield code='s'>-</subfield>
        <subfield code='t'>20</subfield>
        <subfield code='c'>1</subfield>
        <subfield code='o'>0</subfield>
        <subfield code='b'>HAZO-5230-00001</subfield>
        <subfield code='p'>0860#</subfield>
        <subfield code='q'>|aD 103.53:96/58</subfield>
      </datafield>
      <datafield ind1='0' ind2='0' tag='999'>
        <subfield code='a'>2004-10-01 00:00:00-04</subfield>
        <subfield code='c'>2004-10-05 08:02:46-04</subfield>
        <subfield code='u'>2013-10-11 10:48:05-04</subfield>
      </datafield>
  </record>