
  <record>
    <leader>00000cas  2200445 a 4500</leader>
      <controlfield tag='008'>981006c199u9999gauar    s   f0    0eng d</controlfield>
      <controlfield tag='007'>co agu</controlfield>
      <controlfield tag='001'>40107837</controlfield>
      <controlfield tag='005'>20000522105941.0</controlfield>
      <datafield ind1=' ' ind2=' ' tag='010'>
        <subfield code='a'>00230239</subfield>
      </datafield>
      <datafield ind1=' ' ind2=' ' tag='035'>
        <subfield code='a'>(GPO)99050902</subfield>
      </datafield>
      <datafield ind1=' ' ind2=' ' tag='037'>
        <subfield code='b'>Supt. of Docs., U.S. Govt. Print. Off., Washington, D.C. 20402</subfield>
      </datafield>
      <datafield ind1=' ' ind2=' ' tag='040'>
        <subfield code='a'>CUY</subfield>
        <subfield code='c'>CUY</subfield>
        <subfield code='d'>GPO</subfield>
        <subfield code='d'>DLC</subfield>
        <subfield code='d'>MvI</subfield>
      </datafield>
      <datafield ind1=' ' ind2=' ' tag='042'>
        <subfield code='a'>lcd</subfield>
      </datafield>
      <datafield ind1=' ' ind2=' ' tag='043'>
        <subfield code='a'>n-us---</subfield>
      </datafield>
      <datafield ind1=' ' ind2='4' tag='050'>
        <subfield code='a'>RA427.3</subfield>
        <subfield code='b'>.B44 compu/d</subfield>
      </datafield>
      <datafield ind1=' ' ind2=' ' tag='074'>
        <subfield code='a'>0505-A-24</subfield>
      </datafield>
      <datafield ind1='0' ind2=' ' tag='086'>
        <subfield code='a'>HE 20.7611/3:</subfield>
      </datafield>
      <datafield ind1='0' ind2='0' tag='245'>
        <subfield code='a'>Behavioral risk factor surveillance system ... survey data</subfield>
        <subfield code='h'>[electronic resource].</subfield>
      </datafield>
      <datafield ind1='3' ind2=' ' tag='246'>
        <subfield code='a'>BRFSS ... survey data</subfield>
      </datafield>
      <datafield ind1=' ' ind2=' ' tag='260'>
        <subfield code='a'>[Atlanta, GA] :</subfield>
        <subfield code='b'>National Center for Chronic Disease Prevention and Health Promotion, Behavioral Surveillance Branch ;</subfield>
        <subfield code='a'>Washington, DC :</subfield>
        <subfield code='b'>For sale by the U.S. G.P.O., Supt. of Docs.,</subfield>
      </datafield>
      <datafield ind1=' ' ind2=' ' tag='300'>
        <subfield code='a'>computer optical disc ;</subfield>
        <subfield code='c'>4 3/4 in. +</subfield>
        <subfield code='e'>user guide</subfield>
      </datafield>
      <datafield ind1=' ' ind2=' ' tag='310'>
        <subfield code='a'>Annual</subfield>
      </datafield>
      <datafield ind1=' ' ind2=' ' tag='500'>
        <subfield code='a'>Description based on: 1984-1995, 2nd ed.; title from disc label.</subfield>
      </datafield>
      <datafield ind1=' ' ind2=' ' tag='500'>
        <subfield code='a'>&quot;Do not install this program through Windows.&quot;</subfield>
      </datafield>
      <datafield ind1=' ' ind2=' ' tag='515'>
        <subfield code='a'>Vols. for &lt;1996-&gt; have series 1 numbering &lt;no. 2-&gt;</subfield>
      </datafield>
      <datafield ind1=' ' ind2=' ' tag='515'>
        <subfield code='a'>Some v. reissued with corrected data, i.e. v. for 1996-1997 contains 2 discs: disc 1, series 1, no. 2a has corrected data for 1996; and disc 2, series 1, no. 3 has data for current period 1997.</subfield>
      </datafield>
      <datafield ind1='8' ind2=' ' tag='516'>
        <subfield code='a'>ISO 9660 format; data files in dBase format; text files in ASCII format</subfield>
      </datafield>
      <datafield ind1=' ' ind2=' ' tag='520'>
        <subfield code='a'>Data designed to measure behavioral risk factors in the adult, noninstitutionalized, civilian population. Focuses on preventive health practices and risk behaviors associated with chronic diseases, injuries, and preventive infectious diseases.</subfield>
      </datafield>
      <datafield ind1=' ' ind2=' ' tag='538'>
        <subfield code='a'>System requirements: IBM PC or compatible; 6 MB disk space for Epi Info software (included on disc) plus 16 MB RAM to access data sets; MS-DOS; CD-ROM drive.</subfield>
      </datafield>
      <datafield ind1=' ' ind2='0' tag='650'>
        <subfield code='a'>Health behavior</subfield>
        <subfield code='z'>United States</subfield>
        <subfield code='v'>Statistics</subfield>
        <subfield code='v'>Databases.</subfield>
      </datafield>
      <datafield ind1=' ' ind2='0' tag='650'>
        <subfield code='a'>Public health</subfield>
        <subfield code='z'>United States</subfield>
        <subfield code='v'>Databases.</subfield>
      </datafield>
      <datafield ind1=' ' ind2='0' tag='650'>
        <subfield code='a'>Health surveys</subfield>
        <subfield code='z'>United States</subfield>
        <subfield code='v'>Databases.</subfield>
      </datafield>
      <datafield ind1='2' ind2=' ' tag='710'>
        <subfield code='a'>National Center for Chronic Disease Prevention and Health Promotion (U.S.).</subfield>
        <subfield code='b'>Behavioral Surveillance Branch.</subfield>
      </datafield>
      <datafield ind1=' ' ind2='0' tag='830'>
        <subfield code='a'>BSB CD-ROM.</subfield>
        <subfield code='n'>Series 1.</subfield>
      </datafield>
      <datafield ind1=' ' ind2=' ' tag='907'>
        <subfield code='a'>b3511387</subfield>
      </datafield>
      <datafield ind1='9' ind2='1' tag='999'>
        <subfield code='i'>i4939994</subfield>
        <subfield code='l'>dcyea</subfield>
        <subfield code='s'>o</subfield>
        <subfield code='t'>20</subfield>
        <subfield code='c'>1</subfield>
        <subfield code='o'>0</subfield>
        <subfield code='b'>HBAA-1864-00001</subfield>
        <subfield code='p'>0860#</subfield>
        <subfield code='q'>|aHE 20.7611/3:</subfield>
      </datafield>
      <datafield ind1='9' ind2='2' tag='999'>
        <subfield code='a'>c3651967</subfield>
        <subfield code='b'>dcyea</subfield>
        <subfield code='c'>0</subfield>
      </datafield>
      <datafield ind1='9' ind2='3' tag='999'>
        <subfield code='0'>c3651967</subfield>
        <subfield code='2'>852</subfield>
        <subfield code='3'>c</subfield>
        <subfield code='b'>553319</subfield>
        <subfield code='h'>HE 20.7611/3:</subfield>
        <subfield code='z'>For holdings, ask at Davis Service Desk.</subfield>
      </datafield>
      <datafield ind1='9' ind2='3' tag='999'>
        <subfield code='0'>c3651967</subfield>
        <subfield code='2'>852</subfield>
        <subfield code='3'>e</subfield>
        <subfield code='p'>HBAA-1864-00001</subfield>
        <subfield code='t'>1</subfield>
      </datafield>
      <datafield ind1='0' ind2='0' tag='999'>
        <subfield code='a'>2004-10-01 00:00:00-04</subfield>
        <subfield code='c'>2004-10-05 08:16:09-04</subfield>
        <subfield code='u'>2017-12-01 10:43:54-05</subfield>
      </datafield>
  </record>