
  <record>
    <leader>00000cam  2200289Ia 4500</leader>
      <controlfield tag='006'>m        m</controlfield>
      <controlfield tag='008'>990907s1999    caua          001 0 eng d</controlfield>
      <controlfield tag='001'>42305202</controlfield>
      <controlfield tag='005'>20000613115152.0</controlfield>
      <datafield ind1=' ' ind2=' ' tag='020'>
        <subfield code='a'>1879102056</subfield>
      </datafield>
      <datafield ind1=' ' ind2=' ' tag='040'>
        <subfield code='a'>WAU</subfield>
        <subfield code='c'>WAU</subfield>
        <subfield code='d'>NOC</subfield>
      </datafield>
      <datafield ind1='1' ind2=' ' tag='100'>
        <subfield code='a'>Ormsby, Tim.</subfield>
      </datafield>
      <datafield ind1='1' ind2='0' tag='245'>
        <subfield code='a'>Extending ArcView GIS :</subfield>
        <subfield code='b'>teach yourself to use ArcView GIS extensions : network analyst, spatial analyst, 3D analyst : self-study workbook for ArcView GIS users /</subfield>
        <subfield code='c'>Tim Ormsby, Jonell Alvi.</subfield>
      </datafield>
      <datafield ind1='3' ind2='0' tag='246'>
        <subfield code='a'>ArcView GIS</subfield>
      </datafield>
      <datafield ind1=' ' ind2=' ' tag='260'>
        <subfield code='a'>Redlands, Calif. :</subfield>
        <subfield code='b'>ESRI Press,</subfield>
        <subfield code='c'>c1999.</subfield>
      </datafield>
      <datafield ind1=' ' ind2=' ' tag='300'>
        <subfield code='a'>viii, 527 p. :</subfield>
        <subfield code='b'>ill. (some col.) ;</subfield>
        <subfield code='c'>23 cm. +</subfield>
        <subfield code='e'>1 computer optical disc (4 3/4 in.)</subfield>
      </datafield>
      <datafield ind1=' ' ind2=' ' tag='500'>
        <subfield code='a'>Includes index.</subfield>
      </datafield>
      <datafield ind1=' ' ind2=' ' tag='538'>
        <subfield code='a'>System requirements for accompanying computer disc: IBM comatible PC; CD-ROM player and drive.</subfield>
      </datafield>
      <datafield ind1='0' ind2='0' tag='630'>
        <subfield code='a'>ArcView.</subfield>
      </datafield>
      <datafield ind1=' ' ind2='7' tag='655'>
        <subfield code='a'>Geographic information systems.</subfield>
        <subfield code='2'>lcgft</subfield>
      </datafield>
      <datafield ind1='1' ind2=' ' tag='700'>
        <subfield code='a'>Alvi, Jonell.</subfield>
      </datafield>
      <datafield ind1=' ' ind2=' ' tag='907'>
        <subfield code='a'>b3512702</subfield>
      </datafield>
      <datafield ind1='9' ind2='1' tag='999'>
        <subfield code='i'>i4941621</subfield>
        <subfield code='l'>xada</subfield>
        <subfield code='s'>o</subfield>
        <subfield code='t'>0</subfield>
        <subfield code='c'>1</subfield>
        <subfield code='o'>1</subfield>
        <subfield code='b'>00017862902</subfield>
        <subfield code='p'>090##</subfield>
        <subfield code='q'>|aG70.212 .O75 1999</subfield>
        <subfield code='n'>Includes 1 CD-ROM</subfield>
      </datafield>
      <datafield ind1='0' ind2='0' tag='999'>
        <subfield code='a'>2004-10-01 00:00:00-04</subfield>
        <subfield code='c'>2004-10-05 08:16:17-04</subfield>
        <subfield code='u'>2013-10-22 08:58:15-04</subfield>
      </datafield>
  </record>