
  <record>
    <leader>00000nmm  2200457 a 4500</leader>
      <controlfield tag='008'>940622s1994    vau        m f      eng  </controlfield>
      <controlfield tag='001'>30782276</controlfield>
      <controlfield tag='005'>19961224122609.0</controlfield>
      <datafield ind1=' ' ind2=' ' tag='010'>
        <subfield code='a'>94008138</subfield>
      </datafield>
      <datafield ind1=' ' ind2=' ' tag='035'>
        <subfield code='a'>(GPO)97054521</subfield>
      </datafield>
      <datafield ind1=' ' ind2=' ' tag='040'>
        <subfield code='d'>GPO</subfield>
        <subfield code='d'>DLC</subfield>
        <subfield code='d'>MvI</subfield>
      </datafield>
      <datafield ind1=' ' ind2=' ' tag='043'>
        <subfield code='a'>n-us---</subfield>
      </datafield>
      <datafield ind1='0' ind2='0' tag='050'>
        <subfield code='a'>TN490.U7</subfield>
      </datafield>
      <datafield ind1=' ' ind2=' ' tag='074'>
        <subfield code='a'>0621-K</subfield>
      </datafield>
      <datafield ind1='1' ind2='0' tag='082'>
        <subfield code='a'>553.4</subfield>
        <subfield code='2'>12</subfield>
      </datafield>
      <datafield ind1='0' ind2=' ' tag='086'>
        <subfield code='a'>I 19.121:18-A</subfield>
      </datafield>
      <datafield ind1='1' ind2=' ' tag='100'>
        <subfield code='a'>Hoffman, J. D.</subfield>
        <subfield code='q'>(James D.)</subfield>
      </datafield>
      <datafield ind1='1' ind2='0' tag='245'>
        <subfield code='a'>National geochemical data base</subfield>
        <subfield code='h'>[electronic resource] :</subfield>
        <subfield code='b'>National Uranium Resource Evaluation data for the conterminous United States /</subfield>
        <subfield code='c'>by J.D. Hoffman and Kim Buttleman.</subfield>
      </datafield>
      <datafield ind1='3' ind2='0' tag='246'>
        <subfield code='a'>National Uranium Resource Evaluation data for the conterminous United States</subfield>
      </datafield>
      <datafield ind1='1' ind2=' ' tag='246'>
        <subfield code='i'>Added title on container spine insert:</subfield>
        <subfield code='a'>NURE data conterminous United States</subfield>
      </datafield>
      <datafield ind1=' ' ind2=' ' tag='256'>
        <subfield code='a'>Computer data and program.</subfield>
      </datafield>
      <datafield ind1=' ' ind2=' ' tag='260'>
        <subfield code='a'>[Denver, Colo.] :</subfield>
        <subfield code='b'>U.S. Geological Survey :</subfield>
        <subfield code='b'>[USGS Center for Distribution],</subfield>
        <subfield code='c'>1994.</subfield>
      </datafield>
      <datafield ind1=' ' ind2=' ' tag='300'>
        <subfield code='a'>1 computer laser optical disc ;</subfield>
        <subfield code='c'>4 3/4 in.</subfield>
      </datafield>
      <datafield ind1=' ' ind2=' ' tag='500'>
        <subfield code='a'>Title from container insert.</subfield>
      </datafield>
      <datafield ind1=' ' ind2=' ' tag='500'>
        <subfield code='a'>Data collected during the Hydrogeochemical and Stream Sediment Reconnaissance survey of the National Uranium Resource Evaluation (NURE) Program.</subfield>
      </datafield>
      <datafield ind1=' ' ind2=' ' tag='500'>
        <subfield code='a'>Supersedes DDS-1, National Geochemical data base--National Uranium Resource Evaluation data for conterminous western United States, released in 1991.</subfield>
      </datafield>
      <datafield ind1=' ' ind2=' ' tag='520'>
        <subfield code='a'>Provides access to geochemical data from conterminous United States. Using GSSEARCH access software contained on CD-ROM disc, users can retrieve data by specifying sample type, quadrangle, latitude, longitude, element, element concentration range, or combinations of these and other criteria. Data may be output to user&apos;s system in several different formats for data analysis.</subfield>
      </datafield>
      <datafield ind1=' ' ind2=' ' tag='538'>
        <subfield code='a'>System requirements: IBM PC or compatible with math coprocessor; 640Kb RAM (at least 540Kb free memory); MS- or PC-DOS 5.0 or later; Microsoft MSCDEX 2.1 or later; hard disk; VGA graphics card; VGA color monitor; CD-ROM drive with ISO 9660 software driver; Microsoft compatible mouse (highly recommended).</subfield>
      </datafield>
      <datafield ind1=' ' ind2=' ' tag='567'>
        <subfield code='a'>Samples from 319 quadrangles (1 degree x 2 degrees) beginning in 1976 and ending in 1980; four main sample types represented: stream sediment, soil, surface water, and ground water. Each sample analyzed for uranium and as many as 58 other elements including sulfate.</subfield>
      </datafield>
      <datafield ind1=' ' ind2='0' tag='650'>
        <subfield code='a'>Uranium ores</subfield>
        <subfield code='z'>United States</subfield>
        <subfield code='v'>Databases.</subfield>
      </datafield>
      <datafield ind1=' ' ind2='0' tag='650'>
        <subfield code='a'>Geochemistry</subfield>
        <subfield code='z'>United States</subfield>
        <subfield code='v'>Databases.</subfield>
      </datafield>
      <datafield ind1='1' ind2=' ' tag='700'>
        <subfield code='a'>Buttleman, Kim.</subfield>
      </datafield>
      <datafield ind1='2' ind2=' ' tag='710'>
        <subfield code='a'>Geological Survey (U.S.)</subfield>
      </datafield>
      <datafield ind1=' ' ind2=' ' tag='753'>
        <subfield code='a'>IBM PC</subfield>
        <subfield code='c'>MS-DOS 5.0</subfield>
      </datafield>
      <datafield ind1=' ' ind2=' ' tag='753'>
        <subfield code='a'>CD-ROM player</subfield>
      </datafield>
      <datafield ind1=' ' ind2='0' tag='830'>
        <subfield code='a'>U.S. Geological Survey digital data series ;</subfield>
        <subfield code='v'>DDS-18-A.</subfield>
      </datafield>
      <datafield ind1=' ' ind2=' ' tag='907'>
        <subfield code='a'>b3616660</subfield>
      </datafield>
      <datafield ind1='9' ind2='1' tag='999'>
        <subfield code='i'>i5057817</subfield>
        <subfield code='l'>dcyea</subfield>
        <subfield code='s'>-</subfield>
        <subfield code='t'>20</subfield>
        <subfield code='c'>1</subfield>
        <subfield code='o'>0</subfield>
        <subfield code='b'>HBAY-1843-00001</subfield>
        <subfield code='p'>0860#</subfield>
        <subfield code='q'>|aI19.121:18-A</subfield>
      </datafield>
      <datafield ind1='0' ind2='0' tag='999'>
        <subfield code='a'>2004-10-01 00:00:00-04</subfield>
        <subfield code='c'>2004-10-05 08:54:04-04</subfield>
        <subfield code='u'>2016-12-12 13:26:31-05</subfield>
      </datafield>
  </record>