
  <record>
    <leader>00000nam  2200385 a 4500</leader>
      <controlfield tag='008'>841111s1984    dcua     tb  f000 0 eng d</controlfield>
      <controlfield tag='001'>11384315</controlfield>
      <datafield ind1=' ' ind2=' ' tag='035'>
        <subfield code='a'>(GPO)85003547</subfield>
      </datafield>
      <datafield ind1=' ' ind2=' ' tag='040'>
        <subfield code='a'>GPO</subfield>
        <subfield code='c'>GPO</subfield>
      </datafield>
      <datafield ind1=' ' ind2=' ' tag='074'>
        <subfield code='a'>830-H-14 (MF)</subfield>
      </datafield>
      <datafield ind1='0' ind2=' ' tag='086'>
        <subfield code='a'>NAS 1.26:3787</subfield>
      </datafield>
      <datafield ind1='0' ind2=' ' tag='086'>
        <subfield code='a'>NAS 1.26:3817</subfield>
      </datafield>
      <datafield ind1='1' ind2=' ' tag='100'>
        <subfield code='a'>Tchen, C. M.</subfield>
      </datafield>
      <datafield ind1='1' ind2='0' tag='245'>
        <subfield code='a'>Theory and modeling of atmospheric turbulence /</subfield>
        <subfield code='c'>C.M. Tchen ; prepared for George C. Marshall Space Flight Center.</subfield>
      </datafield>
      <datafield ind1=' ' ind2=' ' tag='260'>
        <subfield code='a'>Washington, D.C. :</subfield>
        <subfield code='b'>National Aeronautics and Space Administration, Scientific and Technical Information Office ;</subfield>
        <subfield code='a'>[Springfield, Va. :</subfield>
        <subfield code='b'>For sale by National Technical Information Service],</subfield>
        <subfield code='c'>1984.</subfield>
      </datafield>
      <datafield ind1=' ' ind2=' ' tag='300'>
        <subfield code='a'>2 v. :</subfield>
        <subfield code='b'>ill. ;</subfield>
        <subfield code='c'>28 cm.</subfield>
      </datafield>
      <datafield ind1=' ' ind2=' ' tag='500'>
        <subfield code='a'>&quot;The City College Research Foundation.&quot;</subfield>
      </datafield>
      <datafield ind1=' ' ind2=' ' tag='500'>
        <subfield code='a'>Distributed to depository libraries in microfiche.</subfield>
      </datafield>
      <datafield ind1=' ' ind2=' ' tag='500'>
        <subfield code='a'>&quot;February 1984&quot;--Pt. 1.</subfield>
      </datafield>
      <datafield ind1=' ' ind2=' ' tag='500'>
        <subfield code='a'>&quot;August 1984&quot;--Pt. 2.</subfield>
      </datafield>
      <datafield ind1=' ' ind2=' ' tag='500'>
        <subfield code='a'>STAR category 47.</subfield>
      </datafield>
      <datafield ind1=' ' ind2=' ' tag='504'>
        <subfield code='a'>Includes bibliographical references.</subfield>
      </datafield>
      <datafield ind1=' ' ind2=' ' tag='513'>
        <subfield code='a'>Contractor report.</subfield>
        <subfield code='b'>Sept 1, 1981-Aug 31, 1982 (pt. 1)</subfield>
      </datafield>
      <datafield ind1=' ' ind2=' ' tag='513'>
        <subfield code='a'>Contractor report.</subfield>
        <subfield code='b'>Sept 1, 1982-Aug 31, 1983 (pt. 2)</subfield>
      </datafield>
      <datafield ind1=' ' ind2=' ' tag='536'>
        <subfield code='b'>NAS8-34622,</subfield>
        <subfield code='d'>M-440 (pt. 1)</subfield>
      </datafield>
      <datafield ind1=' ' ind2=' ' tag='536'>
        <subfield code='d'>M-455 (pt. 2)</subfield>
      </datafield>
      <datafield ind1=' ' ind2='0' tag='650'>
        <subfield code='a'>Atmospheric turbulence</subfield>
        <subfield code='x'>Mathematical models.</subfield>
      </datafield>
      <datafield ind1='2' ind2=' ' tag='710'>
        <subfield code='a'>George C. Marshall Space Flight Center.</subfield>
      </datafield>
      <datafield ind1='1' ind2=' ' tag='710'>
        <subfield code='a'>United States.</subfield>
        <subfield code='b'>National Aeronautics and Space Administration.</subfield>
        <subfield code='b'>Scientific and Technical Information Office.</subfield>
      </datafield>
      <datafield ind1='2' ind2=' ' tag='710'>
        <subfield code='a'>City University of New York.</subfield>
        <subfield code='b'>City College.</subfield>
        <subfield code='b'>Research Foundation.</subfield>
      </datafield>
      <datafield ind1=' ' ind2='0' tag='830'>
        <subfield code='a'>NASA contractor report ;</subfield>
        <subfield code='v'>NASA CR-3787, 3817.</subfield>
      </datafield>
      <datafield ind1=' ' ind2=' ' tag='907'>
        <subfield code='a'>b3661373</subfield>
      </datafield>
      <datafield ind1='9' ind2='1' tag='999'>
        <subfield code='i'>i5104674</subfield>
        <subfield code='l'>dcpfb</subfield>
        <subfield code='s'>-</subfield>
        <subfield code='t'>20</subfield>
        <subfield code='c'>1</subfield>
        <subfield code='o'>0</subfield>
        <subfield code='b'>HBBI-3590-00001</subfield>
        <subfield code='p'>0860#</subfield>
        <subfield code='q'>|aNAS 1.26:3817</subfield>
      </datafield>
      <datafield ind1='0' ind2='0' tag='999'>
        <subfield code='a'>2004-10-01 00:00:00-04</subfield>
        <subfield code='c'>2004-10-06 09:58:06-04</subfield>
        <subfield code='u'>2013-10-22 12:27:40-04</subfield>
      </datafield>
  </record>