
  <record>
    <leader>00000cim a2200349Ia 4500</leader>
      <controlfield tag='008'>951113s1995    aru  n j       f    eng d</controlfield>
      <controlfield tag='007'>ss lunjlc-----</controlfield>
      <controlfield tag='001'>33472041</controlfield>
      <controlfield tag='005'>20001120160417.0</controlfield>
      <datafield ind1=' ' ind2=' ' tag='040'>
        <subfield code='a'>JBU</subfield>
        <subfield code='c'>JBU</subfield>
        <subfield code='d'>OCL</subfield>
        <subfield code='d'>NOC</subfield>
      </datafield>
      <datafield ind1='1' ind2=' ' tag='100'>
        <subfield code='a'>Davis, Donald,</subfield>
        <subfield code='d'>1944-</subfield>
      </datafield>
      <datafield ind1='1' ind2='0' tag='245'>
        <subfield code='a'>Grandma&apos;s lap stories</subfield>
        <subfield code='h'>[sound recording] /</subfield>
        <subfield code='c'>Donald Davis.</subfield>
      </datafield>
      <datafield ind1=' ' ind2=' ' tag='260'>
        <subfield code='a'>Little Rock, AR :</subfield>
        <subfield code='b'>August House Audio,</subfield>
        <subfield code='c'>1995.</subfield>
      </datafield>
      <datafield ind1=' ' ind2=' ' tag='300'>
        <subfield code='a'>1 sound cassette (57 min.) :</subfield>
        <subfield code='b'>analog.</subfield>
      </datafield>
      <datafield ind1=' ' ind2=' ' tag='500'>
        <subfield code='a'>Title from container.</subfield>
      </datafield>
      <datafield ind1=' ' ind2=' ' tag='500'>
        <subfield code='a'>Special Collection material:  Use of audio or visual material may require production of listening or viewing copies before use.  Contact wilsonlibrary@unc.edu before visiting reading room for more information.</subfield>
      </datafield>
      <datafield ind1='0' ind2=' ' tag='505'>
        <subfield code='a'>Introduction: working in the garden. -- The little red hen. -- Jack poems. -- Jack stories: Jack and the animals. -- Grandma&apos;s farmyard. -- The pig who went home on Sunday. -- The little old woman who lived in a syrup can.</subfield>
      </datafield>
      <datafield ind1='1' ind2=' ' tag='511'>
        <subfield code='a'>Read by the author.</subfield>
      </datafield>
      <datafield ind1='1' ind2=' ' tag='521'>
        <subfield code='a'>3 to 7.</subfield>
      </datafield>
      <datafield ind1=' ' ind2='0' tag='650'>
        <subfield code='a'>Children&apos;s stories</subfield>
        <subfield code='z'>North Carolina</subfield>
        <subfield code='v'>Juvenile sound recordings.</subfield>
      </datafield>
      <datafield ind1=' ' ind2='0' tag='651'>
        <subfield code='a'>North Carolina</subfield>
        <subfield code='v'>Fiction.</subfield>
      </datafield>
      <datafield ind1=' ' ind2='7' tag='655'>
        <subfield code='a'>Tales.</subfield>
        <subfield code='2'>lcgft</subfield>
      </datafield>
      <datafield ind1=' ' ind2='0' tag='830'>
        <subfield code='a'>American storytelling (Little Rock, Ark.)</subfield>
      </datafield>
      <datafield ind1=' ' ind2=' ' tag='907'>
        <subfield code='a'>b3731759</subfield>
      </datafield>
      <datafield ind1='9' ind2='1' tag='999'>
        <subfield code='i'>i5180705</subfield>
        <subfield code='l'>wbda</subfield>
        <subfield code='s'>o</subfield>
        <subfield code='t'>48</subfield>
        <subfield code='c'>1</subfield>
        <subfield code='o'>0</subfield>
        <subfield code='b'>HBBX-0999-00001</subfield>
        <subfield code='p'>099#9</subfield>
        <subfield code='q'>|aCassette C813 D261g1</subfield>
        <subfield code='n'>Special Collection material:  Use of audio or visual material may require production of listening or viewing copies before use.  Contact wilsonlibrary@unc.edu before visiting reading room for more information.</subfield>
      </datafield>
      <datafield ind1='9' ind2='2' tag='999'>
        <subfield code='a'>c3854537</subfield>
        <subfield code='b'>wbda</subfield>
        <subfield code='c'>0</subfield>
      </datafield>
      <datafield ind1='9' ind2='3' tag='999'>
        <subfield code='0'>c3854537</subfield>
        <subfield code='2'>852</subfield>
        <subfield code='3'>c</subfield>
        <subfield code='b'>572121</subfield>
        <subfield code='h'>Cassette</subfield>
        <subfield code='i'>C813</subfield>
        <subfield code='i'>D261g1</subfield>
      </datafield>
      <datafield ind1='9' ind2='3' tag='999'>
        <subfield code='0'>c3854537</subfield>
        <subfield code='2'>852</subfield>
        <subfield code='3'>e</subfield>
        <subfield code='p'>HBBX-0999-00001</subfield>
        <subfield code='t'>1</subfield>
      </datafield>
      <datafield ind1='0' ind2='0' tag='999'>
        <subfield code='a'>2004-10-01 00:00:00-04</subfield>
        <subfield code='c'>2004-10-06 10:05:59-04</subfield>
        <subfield code='u'>2017-03-22 11:52:55-04</subfield>
      </datafield>
  </record>