
  <record>
    <leader>00000cpca 2200361Ia 4500</leader>
      <controlfield tag='008'>010305i19981998ncu                 eng d</controlfield>
      <controlfield tag='001'>46370873</controlfield>
      <controlfield tag='005'>20071128040232.0</controlfield>
      <datafield ind1=' ' ind2=' ' tag='040'>
        <subfield code='a'>NOC</subfield>
        <subfield code='e'>appm</subfield>
        <subfield code='c'>NOC</subfield>
      </datafield>
      <datafield ind1='1' ind2=' ' tag='100'>
        <subfield code='a'>Walters, Ellen.</subfield>
      </datafield>
      <datafield ind1='1' ind2='0' tag='245'>
        <subfield code='a'>Ellen Walters collection,</subfield>
        <subfield code='f'>1998</subfield>
        <subfield code='h'>[manuscript].</subfield>
      </datafield>
      <datafield ind1=' ' ind2=' ' tag='300'>
        <subfield code='a'>20</subfield>
        <subfield code='f'>items</subfield>
        <subfield code='a'>(2.0 linear ft.).</subfield>
      </datafield>
      <datafield ind1=' ' ind2=' ' tag='500'>
        <subfield code='a'>In the Southern Folklife Collection, University of North Carolina at Chapel Hill (#20337).</subfield>
      </datafield>
      <datafield ind1='8' ind2=' ' tag='520'>
        <subfield code='a'>Unedited video footage used in the making of &quot;The Firehouse Women: Faith, Food and Fellowship&quot; (1998) and the final edited copy of the film. &quot;The Firehouse Women,&quot; funded in part by a folklife documentation grant from the North Carolina Arts Council, features the Gibson, N.C., Firehouse Restaurant and its family of owners--three generations of women restaurateurs. The restaurant is known for its southern-style cooking, a cappella gospel music performed by the owners, and its family atmosphere.</subfield>
      </datafield>
      <datafield ind1=' ' ind2=' ' tag='545'>
        <subfield code='a'>Ellen Walters, filmmaker, teacher, and anthropologist of Laurinburg, N.C., has produced and directed several documentary films on southern culture.</subfield>
      </datafield>
      <datafield ind1='1' ind2='0' tag='600'>
        <subfield code='a'>Walters, Ellen.</subfield>
      </datafield>
      <datafield ind1='0' ind2='0' tag='630'>
        <subfield code='a'>Firehouse Women: Faith, Food and Fellowship.</subfield>
      </datafield>
      <datafield ind1=' ' ind2='0' tag='650'>
        <subfield code='a'>Businesswomen</subfield>
        <subfield code='z'>North Carolina.</subfield>
      </datafield>
      <datafield ind1=' ' ind2='0' tag='650'>
        <subfield code='a'>Families</subfield>
        <subfield code='z'>North Carolina</subfield>
        <subfield code='x'>Social life and customs.</subfield>
      </datafield>
      <datafield ind1=' ' ind2='0' tag='650'>
        <subfield code='a'>Family-owned business enterprises</subfield>
        <subfield code='z'>North Carolina.</subfield>
      </datafield>
      <datafield ind1=' ' ind2='0' tag='650'>
        <subfield code='a'>Gospel music</subfield>
        <subfield code='z'>North Carolina.</subfield>
      </datafield>
      <datafield ind1=' ' ind2='0' tag='650'>
        <subfield code='a'>Restaurants</subfield>
        <subfield code='z'>North Carolina.</subfield>
      </datafield>
      <datafield ind1=' ' ind2='0' tag='650'>
        <subfield code='a'>Women</subfield>
        <subfield code='z'>North Carolina</subfield>
        <subfield code='x'>Social life and customs.</subfield>
      </datafield>
      <datafield ind1=' ' ind2='0' tag='651'>
        <subfield code='a'>Gibson (N.C.)</subfield>
        <subfield code='x'>History.</subfield>
      </datafield>
      <datafield ind1=' ' ind2='0' tag='651'>
        <subfield code='a'>North Carolina</subfield>
        <subfield code='x'>Social life and customs.</subfield>
      </datafield>
      <datafield ind1=' ' ind2='7' tag='655'>
        <subfield code='a'>Documentary films.</subfield>
        <subfield code='2'>lcgft</subfield>
      </datafield>
      <datafield ind1='2' ind2=' ' tag='710'>
        <subfield code='a'>North Carolina Arts Council.</subfield>
      </datafield>
      <datafield ind1='4' ind2='2' tag='856'>
        <subfield code='3'>Finding aid</subfield>
        <subfield code='u'>http://finding-aids.lib.unc.edu/20337/</subfield>
      </datafield>
      <datafield ind1=' ' ind2=' ' tag='907'>
        <subfield code='a'>b3784489</subfield>
      </datafield>
      <datafield ind1='9' ind2='1' tag='999'>
        <subfield code='i'>i5257912</subfield>
        <subfield code='l'>wadb</subfield>
        <subfield code='s'>o</subfield>
        <subfield code='t'>24</subfield>
        <subfield code='c'>1</subfield>
        <subfield code='o'>0</subfield>
        <subfield code='b'>HBCK-4669-00001</subfield>
        <subfield code='p'>099#9</subfield>
        <subfield code='q'>|a20337</subfield>
      </datafield>
      <datafield ind1='0' ind2='0' tag='999'>
        <subfield code='a'>2004-10-01 00:00:00-04</subfield>
        <subfield code='c'>2004-10-06 10:13:15-04</subfield>
        <subfield code='u'>2016-09-01 17:36:30-04</subfield>
      </datafield>
  </record>