
  <record>
    <leader>00000cpca 2200349Ia 4500</leader>
      <controlfield tag='008'>011107i19uu19uuxxu                 eng d</controlfield>
      <controlfield tag='001'>48378080</controlfield>
      <controlfield tag='003'>OCoLC</controlfield>
      <controlfield tag='005'>20071128040232.0</controlfield>
      <datafield ind1=' ' ind2=' ' tag='035'>
        <subfield code='a'>(OCoLC)48378080</subfield>
      </datafield>
      <datafield ind1=' ' ind2=' ' tag='040'>
        <subfield code='a'>NOC</subfield>
        <subfield code='e'>appm</subfield>
        <subfield code='c'>NOC</subfield>
      </datafield>
      <datafield ind1=' ' ind2=' ' tag='049'>
        <subfield code='a'>NOCC</subfield>
      </datafield>
      <datafield ind1='1' ind2=' ' tag='100'>
        <subfield code='a'>Brown, Tarleton,</subfield>
        <subfield code='d'>1757-1845.</subfield>
      </datafield>
      <datafield ind1='1' ind2='0' tag='245'>
        <subfield code='a'>Tarleton Brown memoir,</subfield>
        <subfield code='f'>undated</subfield>
        <subfield code='h'>[manuscript].</subfield>
      </datafield>
      <datafield ind1=' ' ind2=' ' tag='300'>
        <subfield code='a'>1</subfield>
        <subfield code='f'>item.</subfield>
      </datafield>
      <datafield ind1=' ' ind2=' ' tag='500'>
        <subfield code='a'>In the Southern Historical Collection, University of North Carolina at Chapel Hill (#5063-z).</subfield>
      </datafield>
      <datafield ind1=' ' ind2=' ' tag='500'>
        <subfield code='a'>Typed transcription made from microfilm held by the Family History Center, Church of Jesus Christ of Latter-day Saints, Greensboro, N.C.</subfield>
      </datafield>
      <datafield ind1='8' ind2=' ' tag='520'>
        <subfield code='a'>Undated 20-page typed transcription of a microfilm copy of the 1862 publication of Tarleton Brown&apos;s memoir of the Revolutionary War, which he wrote sometime before his death in 1845. Brown began by describing the South Carolina countryside before the Revolutionary War, when it was a frontier society and still being settled. The bulk of his memoir relates to his experiences in the Revolutionary War, 1775-1780, when he fought under such commanders as William Harden, Francis Marion, and Andrew Pickens. Brown discussed his participation in the First Siege of Savannah, the Battle of Monk&apos;s Corner, and the Siege of Augusta, as well as his work as an army scout in both South Carolina and Georgia. The memoir also describes the relationship between Tories and Whigs in South Carolina. Included is a brief synopsis of his life after the war.</subfield>
      </datafield>
      <datafield ind1='2' ind2=' ' tag='535'>
        <subfield code='a'>Church of Jesus Christ of the Latter-day Saints. Family History Center, Greensboro, N.C.</subfield>
        <subfield code='3'>Microfilm</subfield>
      </datafield>
      <datafield ind1=' ' ind2=' ' tag='541'>
        <subfield code='a'>Acquired</subfield>
        <subfield code='d'>2001</subfield>
      </datafield>
      <datafield ind1=' ' ind2=' ' tag='545'>
        <subfield code='a'>Tarleton Brown was born in 1757 and moved with his family to South Carolina in 1769. During the Revolutionary War, Brown enlisted as a private; he was eventually promoted to captain. After the war, he was active in public service and politics. He later moved to Boiling Springs, S.C., where he built several mills.</subfield>
      </datafield>
      <datafield ind1='1' ind2='0' tag='600'>
        <subfield code='a'>Brown, Tarleton,</subfield>
        <subfield code='d'>1757-1845.</subfield>
      </datafield>
      <datafield ind1='2' ind2='0' tag='610'>
        <subfield code='a'>Whig Party (S.C.)</subfield>
      </datafield>
      <datafield ind1=' ' ind2='0' tag='650'>
        <subfield code='a'>American loyalists</subfield>
        <subfield code='z'>South Carolina.</subfield>
      </datafield>
      <datafield ind1=' ' ind2='0' tag='650'>
        <subfield code='a'>Pioneers</subfield>
        <subfield code='z'>South Carolina.</subfield>
      </datafield>
      <datafield ind1=' ' ind2='0' tag='650'>
        <subfield code='a'>Soldiers</subfield>
        <subfield code='z'>United States</subfield>
        <subfield code='x'>History</subfield>
        <subfield code='y'>Revolution, 1775-1783.</subfield>
      </datafield>
      <datafield ind1=' ' ind2='0' tag='651'>
        <subfield code='a'>South Carolina</subfield>
        <subfield code='x'>History</subfield>
        <subfield code='y'>Revolution, 1775-1783.</subfield>
      </datafield>
      <datafield ind1=' ' ind2='0' tag='651'>
        <subfield code='a'>United States</subfield>
        <subfield code='x'>History</subfield>
        <subfield code='y'>Revolution, 1775-1783</subfield>
        <subfield code='x'>Campaigns.</subfield>
      </datafield>
      <datafield ind1=' ' ind2='0' tag='651'>
        <subfield code='a'>United States</subfield>
        <subfield code='x'>History</subfield>
        <subfield code='y'>Revolution, 1775-1783</subfield>
        <subfield code='v'>Personal narratives.</subfield>
      </datafield>
      <datafield ind1='4' ind2='2' tag='856'>
        <subfield code='3'>Finding aid</subfield>
        <subfield code='u'>http://finding-aids.lib.unc.edu/05063/</subfield>
      </datafield>
      <datafield ind1=' ' ind2=' ' tag='907'>
        <subfield code='a'>b4014115</subfield>
      </datafield>
      <datafield ind1='9' ind2='1' tag='999'>
        <subfield code='i'>i5518620</subfield>
        <subfield code='l'>wadc</subfield>
        <subfield code='s'>o</subfield>
        <subfield code='t'>24</subfield>
        <subfield code='c'>1</subfield>
        <subfield code='o'>0</subfield>
        <subfield code='b'>HBEP-9986-00001</subfield>
        <subfield code='p'>099#9</subfield>
        <subfield code='q'>|a5063-z</subfield>
      </datafield>
      <datafield ind1='0' ind2='0' tag='999'>
        <subfield code='a'>2004-10-01 00:00:00-04</subfield>
        <subfield code='c'>2004-10-06 22:59:00-04</subfield>
        <subfield code='u'>2016-09-01 17:43:42-04</subfield>
      </datafield>
  </record>