
  <record>
    <leader>00000cam a2200349   4500</leader>
      <controlfield tag='008'>820521m17251731enk|||| a     00| ||eng d</controlfield>
      <controlfield tag='001'>M-ESTCT140655</controlfield>
      <controlfield tag='005'>20024451002107.0</controlfield>
      <datafield ind1=' ' ind2=' ' tag='040'>
        <subfield code='a'>Uk-ES</subfield>
        <subfield code='c'>Uk-ES</subfield>
        <subfield code='d'>Cu-RivES</subfield>
        <subfield code='d'>CStRLIN</subfield>
      </datafield>
      <datafield ind1='1' ind2=' ' tag='100'>
        <subfield code='a'>Strype, John,</subfield>
        <subfield code='d'>1643-1737.</subfield>
      </datafield>
      <datafield ind1='1' ind2='0' tag='245'>
        <subfield code='a'>Annals of the Reformation and establishment of religion,</subfield>
        <subfield code='b'>and other various occurrences in the Church of England; ... Together with an appendix ... By John Strype, ...</subfield>
      </datafield>
      <datafield ind1=' ' ind2=' ' tag='250'>
        <subfield code='a'>The second edition, with large additions ..</subfield>
      </datafield>
      <datafield ind1=' ' ind2=' ' tag='260'>
        <subfield code='a'>London :</subfield>
        <subfield code='b'>printed by, and for, Tho. Edlin,</subfield>
        <subfield code='c'>1725-31.</subfield>
      </datafield>
      <datafield ind1=' ' ind2=' ' tag='300'>
        <subfield code='a'>4v. ;</subfield>
        <subfield code='c'>2⁰.</subfield>
      </datafield>
      <datafield ind1=' ' ind2=' ' tag='500'>
        <subfield code='a'>The edition statement appears on the titlepage to vol.1 only.</subfield>
      </datafield>
      <datafield ind1=' ' ind2=' ' tag='500'>
        <subfield code='a'>Vols. 1-3 have titlepages in red and black.</subfield>
      </datafield>
      <datafield ind1=' ' ind2=' ' tag='500'>
        <subfield code='a'>Vol. 3 is dated 1728 and vol.4 1731, and both were printed for Edward Symon.</subfield>
      </datafield>
      <datafield ind1=' ' ind2=' ' tag='500'>
        <subfield code='a'>With a list of subscribers in vol.1.</subfield>
      </datafield>
      <datafield ind1=' ' ind2=' ' tag='500'>
        <subfield code='a'>The title to vol.4 begins: Brief annals of the Church and State under the reign of Queen Elizabeth.</subfield>
      </datafield>
      <datafield ind1=' ' ind2=' ' tag='500'>
        <subfield code='a'>Vol. 4 was probably available separately.</subfield>
      </datafield>
      <datafield ind1=' ' ind2=' ' tag='500'>
        <subfield code='a'>Large paper issue.</subfield>
      </datafield>
      <datafield ind1=' ' ind2=' ' tag='533'>
        <subfield code='a'>Microfilm.</subfield>
        <subfield code='3'>v.1-2.</subfield>
        <subfield code='b'>Woodbridge, Conn. :</subfield>
        <subfield code='c'>Primary Source Microfilm, an imprint of Gale Group,</subfield>
        <subfield code='d'>2000.</subfield>
        <subfield code='e'>1 reel ; 35mm.</subfield>
        <subfield code='n'>Unit 326.</subfield>
        <subfield code='f'>(The Eighteenth Century ; reel 11379, no. 01).</subfield>
        <subfield code='7'>s2000    ctu  b bb</subfield>
      </datafield>
      <datafield ind1=' ' ind2=' ' tag='533'>
        <subfield code='a'>Microfilm.</subfield>
        <subfield code='3'>v.3-4.</subfield>
        <subfield code='b'>Woodbridge, Conn. :</subfield>
        <subfield code='c'>Primary Source Microfilm, an imprint of Gale Group,</subfield>
        <subfield code='d'>2000.</subfield>
        <subfield code='e'>1 reel ; 35mm.</subfield>
        <subfield code='n'>Unit 326.</subfield>
        <subfield code='f'>(The Eighteenth Century ; reel 11380, no. 01).</subfield>
        <subfield code='7'>s2000    ctu  b</subfield>
      </datafield>
      <datafield ind1=' ' ind2='0' tag='830'>
        <subfield code='a'>Eighteenth century ;</subfield>
        <subfield code='v'>reel 11379, no. 1.</subfield>
      </datafield>
      <datafield ind1=' ' ind2='0' tag='830'>
        <subfield code='a'>Eighteenth century ;</subfield>
        <subfield code='v'>reel 11380, no. 1.</subfield>
      </datafield>
      <datafield ind1=' ' ind2=' ' tag='907'>
        <subfield code='a'>b4128950</subfield>
      </datafield>
      <datafield ind1='9' ind2='1' tag='999'>
        <subfield code='i'>i5666017</subfield>
        <subfield code='l'>dgdaa</subfield>
        <subfield code='s'>-</subfield>
        <subfield code='t'>28</subfield>
        <subfield code='c'>1</subfield>
        <subfield code='o'>0</subfield>
        <subfield code='b'>00048361556</subfield>
        <subfield code='p'>099#9</subfield>
        <subfield code='q'>|a1-2586 reel 11379, no. 01</subfield>
        <subfield code='v'>reel 11379=v.1-2</subfield>
      </datafield>
      <datafield ind1='9' ind2='1' tag='999'>
        <subfield code='i'>i10924807</subfield>
        <subfield code='l'>dgdaa</subfield>
        <subfield code='s'>-</subfield>
        <subfield code='t'>28</subfield>
        <subfield code='c'>1</subfield>
        <subfield code='o'>0</subfield>
        <subfield code='b'>00048361565</subfield>
        <subfield code='p'>099#9</subfield>
        <subfield code='q'>|a1-2586 reel 11380, no. 01</subfield>
        <subfield code='v'>reel 11380=v.3-4</subfield>
      </datafield>
      <datafield ind1='0' ind2='0' tag='999'>
        <subfield code='a'>2004-10-01 00:00:00-04</subfield>
        <subfield code='c'>2004-10-06 23:10:00-04</subfield>
        <subfield code='u'>2016-02-03 10:31:27-05</subfield>
      </datafield>
  </record>