
  <record>
    <leader>00000cem  2200577Ii 4500</leader>
      <controlfield tag='008'>850507r19661590ncui      a     0   lat d</controlfield>
      <controlfield tag='007'>aj aafzn</controlfield>
      <controlfield tag='001'>12005384</controlfield>
      <controlfield tag='005'>20030206115012.0</controlfield>
      <datafield ind1=' ' ind2=' ' tag='040'>
        <subfield code='a'>UCW</subfield>
        <subfield code='c'>UCW</subfield>
        <subfield code='d'>OCL</subfield>
        <subfield code='d'>OCLCQ</subfield>
        <subfield code='d'>NOC</subfield>
      </datafield>
      <datafield ind1=' ' ind2=' ' tag='041'>
        <subfield code='a'>lateng</subfield>
      </datafield>
      <datafield ind1=' ' ind2=' ' tag='043'>
        <subfield code='a'>n-us-nc</subfield>
        <subfield code='a'>n-us-va</subfield>
      </datafield>
      <datafield ind1='0' ind2=' ' tag='045'>
        <subfield code='b'>d1590</subfield>
      </datafield>
      <datafield ind1=' ' ind2=' ' tag='052'>
        <subfield code='a'>3881</subfield>
        <subfield code='b'>S12</subfield>
      </datafield>
      <datafield ind1=' ' ind2=' ' tag='052'>
        <subfield code='a'>3901</subfield>
        <subfield code='b'>S12</subfield>
      </datafield>
      <datafield ind1=' ' ind2=' ' tag='052'>
        <subfield code='a'>3842</subfield>
        <subfield code='b'>C5</subfield>
      </datafield>
      <datafield ind1=' ' ind2=' ' tag='052'>
        <subfield code='a'>3902</subfield>
        <subfield code='b'>C8</subfield>
      </datafield>
      <datafield ind1='1' ind2=' ' tag='100'>
        <subfield code='a'>White, John,</subfield>
        <subfield code='d'>active 1585-1593.</subfield>
      </datafield>
      <datafield ind1='1' ind2='0' tag='245'>
        <subfield code='a'>Americæ pars, nunc Virginia dicta, primum ab Anglis inuenta</subfield>
        <subfield code='h'>[cartographic material] :</subfield>
        <subfield code='b'>sumtibus Dn. Walteri Raleigh, equestris ordinis vivi anno Dm. MDLXXXV regni vero sereniss: nostræ Elisabethæ XXVII hujus vero historia peculiari libro descripta est, additis etiam indigenarum iconibus /</subfield>
        <subfield code='c'>Autore Ioanne With Sculptore Theodore de Bry, Quiet excud.</subfield>
      </datafield>
      <datafield ind1='1' ind2='6' tag='246'>
        <subfield code='a'>White, De Bry 1590</subfield>
      </datafield>
      <datafield ind1=' ' ind2=' ' tag='260'>
        <subfield code='a'>Raleigh :</subfield>
        <subfield code='b'>State Dept. of Archives and History,</subfield>
        <subfield code='c'>1966.</subfield>
      </datafield>
      <datafield ind1=' ' ind2=' ' tag='300'>
        <subfield code='a'>1 map ;</subfield>
        <subfield code='c'>30 x 40 cm.</subfield>
      </datafield>
      <datafield ind1=' ' ind2=' ' tag='500'>
        <subfield code='a'>Relief shown pictorially.</subfield>
      </datafield>
      <datafield ind1=' ' ind2=' ' tag='500'>
        <subfield code='a'>Shows Indian villages.</subfield>
      </datafield>
      <datafield ind1=' ' ind2=' ' tag='500'>
        <subfield code='a'>In Latin and English.</subfield>
      </datafield>
      <datafield ind1=' ' ind2=' ' tag='500'>
        <subfield code='a'>Facsimile.</subfield>
      </datafield>
      <datafield ind1=' ' ind2=' ' tag='500'>
        <subfield code='a'>Includes notes in English.</subfield>
      </datafield>
      <datafield ind1=' ' ind2=' ' tag='500'>
        <subfield code='a'>From: North Carolina in maps / W.P. Cumming.</subfield>
      </datafield>
      <datafield ind1=' ' ind2=' ' tag='500'>
        <subfield code='a'>Oriented with north to the right.</subfield>
      </datafield>
      <datafield ind1=' ' ind2=' ' tag='507'>
        <subfield code='a'>Scale [ca. 1:1,616,000],</subfield>
        <subfield code='b'>measurement derived from scale bar (&quot;Scalle of 25 leages&quot; = 73 mm.)</subfield>
      </datafield>
      <datafield ind1=' ' ind2=' ' tag='534'>
        <subfield code='p'>Original version in:</subfield>
        <subfield code='a'>Bry, Theodor de, 1528-1598.</subfield>
        <subfield code='t'>Admiranda narratio, fida tamen, de commodis et incolarum ritibus Virginæ ...</subfield>
        <subfield code='k'>America.</subfield>
        <subfield code='n'>pt. 1.</subfield>
        <subfield code='c'>Francoforti ad Moenum, 1590.</subfield>
      </datafield>
      <datafield ind1=' ' ind2='0' tag='651'>
        <subfield code='a'>North Carolina</subfield>
        <subfield code='v'>Maps</subfield>
        <subfield code='v'>Early works to 1800.</subfield>
      </datafield>
      <datafield ind1=' ' ind2='0' tag='651'>
        <subfield code='a'>North Carolina</subfield>
        <subfield code='x'>Discovery and exploration</subfield>
        <subfield code='v'>Maps.</subfield>
      </datafield>
      <datafield ind1=' ' ind2='0' tag='651'>
        <subfield code='a'>Chesapeake Bay (Md. and Va.)</subfield>
        <subfield code='v'>Maps</subfield>
        <subfield code='v'>Early works to 1800.</subfield>
      </datafield>
      <datafield ind1=' ' ind2='0' tag='651'>
        <subfield code='a'>Roanoke Colony</subfield>
        <subfield code='v'>Maps.</subfield>
      </datafield>
      <datafield ind1=' ' ind2='0' tag='651'>
        <subfield code='a'>Currituck Sound (N.C.)</subfield>
        <subfield code='v'>Maps</subfield>
        <subfield code='v'>Early works to 1800.</subfield>
      </datafield>
      <datafield ind1=' ' ind2=' ' tag='691'>
        <subfield code='a'>North Carolina</subfield>
        <subfield code='z'>Coast</subfield>
        <subfield code='v'>Maps.</subfield>
      </datafield>
      <datafield ind1='1' ind2=' ' tag='700'>
        <subfield code='a'>Cumming, William Patterson,</subfield>
        <subfield code='d'>1900-1989.</subfield>
      </datafield>
      <datafield ind1='1' ind2=' ' tag='700'>
        <subfield code='a'>Bry, Theodor de,</subfield>
        <subfield code='d'>1528-1598.</subfield>
      </datafield>
      <datafield ind1=' ' ind2='0' tag='830'>
        <subfield code='a'>North Carolina in maps ;</subfield>
        <subfield code='v'>plate 2.</subfield>
      </datafield>
      <datafield ind1=' ' ind2=' ' tag='907'>
        <subfield code='a'>b4232925</subfield>
      </datafield>
      <datafield ind1='9' ind2='1' tag='999'>
        <subfield code='i'>i5796161</subfield>
        <subfield code='l'>jjed</subfield>
        <subfield code='s'>o</subfield>
        <subfield code='t'>25</subfield>
        <subfield code='c'>1</subfield>
        <subfield code='o'>0</subfield>
        <subfield code='b'>HBIZ-2166-00001</subfield>
        <subfield code='p'>090##</subfield>
        <subfield code='q'>|aG3900 1590 .W45 1966</subfield>
      </datafield>
      <datafield ind1='9' ind2='1' tag='999'>
        <subfield code='i'>i5796160</subfield>
        <subfield code='l'>wbdad</subfield>
        <subfield code='s'>o</subfield>
        <subfield code='t'>25</subfield>
        <subfield code='c'>1</subfield>
        <subfield code='o'>0</subfield>
        <subfield code='b'>HBGY-1012-00001</subfield>
        <subfield code='p'>099#9</subfield>
        <subfield code='q'>|aCm912 1590b1</subfield>
      </datafield>
      <datafield ind1='9' ind2='1' tag='999'>
        <subfield code='i'>i5796162</subfield>
        <subfield code='l'>wbdad</subfield>
        <subfield code='s'>o</subfield>
        <subfield code='t'>25</subfield>
        <subfield code='c'>2</subfield>
        <subfield code='o'>0</subfield>
        <subfield code='b'>HBGY-1012-00002</subfield>
        <subfield code='p'>099#9</subfield>
        <subfield code='q'>|aCm912 1590b1</subfield>
      </datafield>
      <datafield ind1='9' ind2='2' tag='999'>
        <subfield code='a'>c4311909</subfield>
        <subfield code='b'>wbdad</subfield>
        <subfield code='c'>0</subfield>
      </datafield>
      <datafield ind1='9' ind2='3' tag='999'>
        <subfield code='0'>c4311909</subfield>
        <subfield code='2'>852</subfield>
        <subfield code='3'>c</subfield>
        <subfield code='b'>572121</subfield>
        <subfield code='g'>Map</subfield>
        <subfield code='h'>Cm912</subfield>
        <subfield code='i'>1590b1</subfield>
      </datafield>
      <datafield ind1='9' ind2='3' tag='999'>
        <subfield code='0'>c4311909</subfield>
        <subfield code='2'>852</subfield>
        <subfield code='3'>e</subfield>
        <subfield code='p'>HBGY-1012-00001</subfield>
        <subfield code='t'>1</subfield>
      </datafield>
      <datafield ind1='9' ind2='3' tag='999'>
        <subfield code='0'>c4311909</subfield>
        <subfield code='2'>852</subfield>
        <subfield code='3'>e</subfield>
        <subfield code='p'>HBGY-1012-00002</subfield>
        <subfield code='t'>2</subfield>
      </datafield>
      <datafield ind1='0' ind2='0' tag='999'>
        <subfield code='a'>2004-10-01 00:00:00-04</subfield>
        <subfield code='c'>2004-10-06 23:28:17-04</subfield>
        <subfield code='u'>2017-11-15 15:21:33-05</subfield>
      </datafield>
  </record>