
  <record>
    <leader>00000cam a2200649 a 4500</leader>
      <controlfield tag='008'>900125s1959    ctuac         010 0 eng  </controlfield>
      <controlfield tag='001'>21198506</controlfield>
      <controlfield tag='003'>OCoLC</controlfield>
      <controlfield tag='005'>20150729110143.0</controlfield>
      <datafield ind1='7' ind2=' ' tag='016'>
        <subfield code='a'>9001541</subfield>
        <subfield code='2'>DNLM</subfield>
      </datafield>
      <datafield ind1='0' ind2=' ' tag='029'>
        <subfield code='a'>NLM</subfield>
        <subfield code='b'>9001541</subfield>
      </datafield>
      <datafield ind1='1' ind2=' ' tag='029'>
        <subfield code='a'>NZ1</subfield>
        <subfield code='b'>5075198</subfield>
      </datafield>
      <datafield ind1=' ' ind2=' ' tag='035'>
        <subfield code='a'>(OCoLC)21198506</subfield>
      </datafield>
      <datafield ind1=' ' ind2=' ' tag='040'>
        <subfield code='a'>NLM</subfield>
        <subfield code='b'>eng</subfield>
        <subfield code='c'>NLM</subfield>
        <subfield code='d'>ISL</subfield>
        <subfield code='d'>HMS</subfield>
        <subfield code='d'>OCLCQ</subfield>
        <subfield code='d'>NOH</subfield>
      </datafield>
      <datafield ind1=' ' ind2=' ' tag='043'>
        <subfield code='a'>n-us-ct</subfield>
      </datafield>
      <datafield ind1=' ' ind2=' ' tag='049'>
        <subfield code='a'>NOHB</subfield>
      </datafield>
      <datafield ind1=' ' ind2='4' tag='050'>
        <subfield code='a'>Z675.M4</subfield>
        <subfield code='b'>.C95 1959</subfield>
      </datafield>
      <datafield ind1='0' ind2='0' tag='060'>
        <subfield code='a'>Z 675 .M4</subfield>
        <subfield code='b'>C984m 1959</subfield>
      </datafield>
      <datafield ind1='1' ind2=' ' tag='100'>
        <subfield code='a'>Cushing, Harvey,</subfield>
        <subfield code='d'>1869-1939,</subfield>
        <subfield code='e'>correspondent.</subfield>
      </datafield>
      <datafield ind1='1' ind2='4' tag='245'>
        <subfield code='a'>The making of a library :</subfield>
        <subfield code='b'>extracts from letters, 1934-1941, of Harvey Cushing, Arnold C. Klebs, John F. Fulton : presented to John Fulton by his friends on his sixtieth birthday, 1 November 1959.</subfield>
      </datafield>
      <datafield ind1=' ' ind2='1' tag='264'>
        <subfield code='a'>New Haven, Conn. :</subfield>
        <subfield code='b'>Yale University,</subfield>
        <subfield code='c'>1959.</subfield>
      </datafield>
      <datafield ind1=' ' ind2='4' tag='264'>
        <subfield code='c'>©1959.</subfield>
      </datafield>
      <datafield ind1=' ' ind2=' ' tag='300'>
        <subfield code='a'>69 pages :</subfield>
        <subfield code='b'>illustrations, portraits ;</subfield>
        <subfield code='c'>23 cm</subfield>
      </datafield>
      <datafield ind1=' ' ind2=' ' tag='336'>
        <subfield code='a'>text</subfield>
        <subfield code='b'>txt</subfield>
        <subfield code='2'>rdacontent</subfield>
      </datafield>
      <datafield ind1=' ' ind2=' ' tag='337'>
        <subfield code='a'>unmediated</subfield>
        <subfield code='b'>n</subfield>
        <subfield code='2'>rdamedia</subfield>
      </datafield>
      <datafield ind1=' ' ind2=' ' tag='338'>
        <subfield code='a'>volume</subfield>
        <subfield code='b'>nc</subfield>
        <subfield code='2'>rdacarrier</subfield>
      </datafield>
      <datafield ind1=' ' ind2=' ' tag='500'>
        <subfield code='a'>Letters were selected by Madeline E. Stanton and Elizabeth H. Thomson, with the editorial cooperation of Whitfield J. Bell, Jr.</subfield>
      </datafield>
      <datafield ind1=' ' ind2=' ' tag='500'>
        <subfield code='a'>&quot;One thousand copies of this record ... have been printed by the Printing-Office of the Yale University Press through the generosity of some of John Fulton&apos;s friends sparked by Henry R. Viets. ... collotype illustrations were made by the Meridien Gravure Company. ... The book ... was designed by  ... Carl Purington Rollins.&quot; -- Colophon.</subfield>
      </datafield>
      <datafield ind1=' ' ind2=' ' tag='541'>
        <subfield code='a'>Gift of John Shillito, Jr., M.D.</subfield>
        <subfield code='c'>(Gift :</subfield>
        <subfield code='d'>2015 :</subfield>
        <subfield code='f'>Health Sciences Library,</subfield>
        <subfield code='3'>c. 1)</subfield>
      </datafield>
      <datafield ind1=' ' ind2=' ' tag='561'>
        <subfield code='a'>Front flyleaf inscribed: &quot;For John Shillito, Friend and gracious host, with gratitude, Elizabeth Thomson.&quot;</subfield>
        <subfield code='3'>(Health Sciences Library, c. 1)</subfield>
      </datafield>
      <datafield ind1=' ' ind2=' ' tag='563'>
        <subfield code='a'>Some pages uncut.</subfield>
        <subfield code='3'>(Health Sciences Library, c. 1)</subfield>
      </datafield>
      <datafield ind1='1' ind2='0' tag='600'>
        <subfield code='a'>Fulton, John F.</subfield>
        <subfield code='q'>(John Farquhar),</subfield>
        <subfield code='d'>1899-1960.</subfield>
      </datafield>
      <datafield ind1='2' ind2='0' tag='610'>
        <subfield code='a'>Yale Medical Library.</subfield>
        <subfield code='b'>Historical Library.</subfield>
      </datafield>
      <datafield ind1='2' ind2='0' tag='610'>
        <subfield code='a'>Yale University.</subfield>
        <subfield code='b'>School of Medicine.</subfield>
      </datafield>
      <datafield ind1=' ' ind2='2' tag='650'>
        <subfield code='a'>Libraries, Medical.</subfield>
      </datafield>
      <datafield ind1=' ' ind2='2' tag='650'>
        <subfield code='a'>Libraries, Medical</subfield>
        <subfield code='x'>history.</subfield>
      </datafield>
      <datafield ind1=' ' ind2='0' tag='650'>
        <subfield code='a'>Medical libraries</subfield>
        <subfield code='v'>Correspondence.</subfield>
      </datafield>
      <datafield ind1=' ' ind2='2' tag='650'>
        <subfield code='a'>Physicians.</subfield>
      </datafield>
      <datafield ind1=' ' ind2='0' tag='650'>
        <subfield code='a'>Medical libraries</subfield>
        <subfield code='z'>Connecticut</subfield>
        <subfield code='x'>History.</subfield>
      </datafield>
      <datafield ind1=' ' ind2='0' tag='650'>
        <subfield code='a'>Physicians</subfield>
        <subfield code='v'>Correspondence.</subfield>
      </datafield>
      <datafield ind1=' ' ind2='2' tag='655'>
        <subfield code='a'>Collected Correspondence.</subfield>
      </datafield>
      <datafield ind1='1' ind2=' ' tag='700'>
        <subfield code='a'>Fulton, John F.</subfield>
        <subfield code='q'>(John Farquhar),</subfield>
        <subfield code='d'>1899-1960,</subfield>
        <subfield code='e'>correspondent.</subfield>
      </datafield>
      <datafield ind1='1' ind2=' ' tag='700'>
        <subfield code='a'>Klebs, Arnold C.</subfield>
        <subfield code='q'>(Arnold Carl),</subfield>
        <subfield code='d'>1870-1943,</subfield>
        <subfield code='e'>correspondent.</subfield>
      </datafield>
      <datafield ind1='1' ind2=' ' tag='700'>
        <subfield code='a'>Stanton, Madeline E.</subfield>
        <subfield code='q'>(Madeline Earle),</subfield>
        <subfield code='e'>editor.</subfield>
      </datafield>
      <datafield ind1='1' ind2=' ' tag='700'>
        <subfield code='a'>Thomson, Elizabeth Harriet,</subfield>
        <subfield code='d'>1907-</subfield>
        <subfield code='e'>editor,</subfield>
        <subfield code='e'>inscriber.</subfield>
      </datafield>
      <datafield ind1='1' ind2=' ' tag='700'>
        <subfield code='a'>Bell, Whitfield J.,</subfield>
        <subfield code='c'>Jr.,</subfield>
        <subfield code='d'>1914-2009,</subfield>
        <subfield code='e'>editor.</subfield>
      </datafield>
      <datafield ind1='1' ind2=' ' tag='700'>
        <subfield code='a'>Rollins, Carl Purington,</subfield>
        <subfield code='d'>1880-1960,</subfield>
        <subfield code='e'>book designer.</subfield>
      </datafield>
      <datafield ind1='1' ind2=' ' tag='700'>
        <subfield code='a'>Shillito, John,</subfield>
        <subfield code='e'>donor,</subfield>
        <subfield code='e'>former owner.</subfield>
      </datafield>
      <datafield ind1='2' ind2=' ' tag='710'>
        <subfield code='a'>Meridien Gravure Company,</subfield>
        <subfield code='e'>printer of plates.</subfield>
      </datafield>
      <datafield ind1=' ' ind2=' ' tag='907'>
        <subfield code='a'>b4254290</subfield>
      </datafield>
      <datafield ind1='9' ind2='1' tag='999'>
        <subfield code='i'>i10824584</subfield>
        <subfield code='l'>nohb</subfield>
        <subfield code='s'>o</subfield>
        <subfield code='t'>43</subfield>
        <subfield code='c'>1</subfield>
        <subfield code='o'>0</subfield>
        <subfield code='b'>H00513710H</subfield>
        <subfield code='p'>096##</subfield>
        <subfield code='q'>|aZ 675 .M4|bC984m 1959</subfield>
        <subfield code='n'>Hours: 8:00 a.m.-4:00 p.m., Monday-Friday.</subfield>
      </datafield>
      <datafield ind1='9' ind2='1' tag='999'>
        <subfield code='i'>i5822150</subfield>
        <subfield code='l'>llda</subfield>
        <subfield code='s'>-</subfield>
        <subfield code='t'>0</subfield>
        <subfield code='c'>1</subfield>
        <subfield code='o'>0</subfield>
        <subfield code='b'>00022101422</subfield>
        <subfield code='p'>090##</subfield>
        <subfield code='q'>|aZ675.M4 C87 1959</subfield>
      </datafield>
      <datafield ind1='0' ind2='0' tag='999'>
        <subfield code='a'>2015-07-29 00:00:00-04</subfield>
        <subfield code='c'>2004-10-06 23:31:00-04</subfield>
        <subfield code='u'>2016-01-20 00:48:50-05</subfield>
      </datafield>
  </record>