
  <record>
    <leader>00000cmm  2200397Ia 4500</leader>
      <controlfield tag='006'>e       a  fq 1</controlfield>
      <controlfield tag='007'>co |g g--|||m|</controlfield>
      <controlfield tag='008'>030114s2002    sdu     q  u f      eng d</controlfield>
      <controlfield tag='001'>51441636</controlfield>
      <controlfield tag='005'>20030429180817.0</controlfield>
      <datafield ind1=' ' ind2=' ' tag='040'>
        <subfield code='a'>ORE</subfield>
        <subfield code='c'>ORE</subfield>
        <subfield code='d'>NOC</subfield>
      </datafield>
      <datafield ind1=' ' ind2=' ' tag='043'>
        <subfield code='a'>n-us---</subfield>
      </datafield>
      <datafield ind1=' ' ind2=' ' tag='052'>
        <subfield code='a'>3701</subfield>
      </datafield>
      <datafield ind1='0' ind2='0' tag='245'>
        <subfield code='a'>USGS National elevation dataset</subfield>
        <subfield code='h'>[electronic resource] :</subfield>
        <subfield code='b'>(NED) /</subfield>
        <subfield code='c'>[produced by the] U.S. Geological Survey ; distributed by GIS Data Depot.</subfield>
      </datafield>
      <datafield ind1='3' ind2='0' tag='246'>
        <subfield code='a'>NED :</subfield>
        <subfield code='b'>national elevation dataset</subfield>
      </datafield>
      <datafield ind1='3' ind2='0' tag='246'>
        <subfield code='a'>National elevation dataset :</subfield>
        <subfield code='b'>(NED)</subfield>
      </datafield>
      <datafield ind1=' ' ind2=' ' tag='260'>
        <subfield code='a'>[Sioux Falls, SD] :</subfield>
        <subfield code='b'>U.S. Geological Survey ;</subfield>
        <subfield code='a'>[Blue Water Bay, FL] :</subfield>
        <subfield code='b'>distributed by GeoComm/GIS Data Depot ,</subfield>
        <subfield code='c'>[2002]</subfield>
      </datafield>
      <datafield ind1=' ' ind2=' ' tag='300'>
        <subfield code='a'>113 CD-ROMs ;</subfield>
        <subfield code='c'>4 3/4 in.</subfield>
      </datafield>
      <datafield ind1='0' ind2='5' tag='342'>
        <subfield code='a'>North American datum of 1983</subfield>
      </datafield>
      <datafield ind1=' ' ind2=' ' tag='352'>
        <subfield code='a'>Raster.</subfield>
      </datafield>
      <datafield ind1=' ' ind2=' ' tag='500'>
        <subfield code='a'>Title from distributors website (viewed Jan. 10, 2003).</subfield>
      </datafield>
      <datafield ind1=' ' ind2=' ' tag='500'>
        <subfield code='a'>&quot;Grid format.&quot;</subfield>
      </datafield>
      <datafield ind1=' ' ind2=' ' tag='514'>
        <subfield code='a'>NED has a resolution of one arc-second (approximately 30 meters) for the conterminous United States, Hawaii and a resolution of two arc-seconds for Alaska</subfield>
        <subfield code='g'>30 meters</subfield>
        <subfield code='u'>http://spatialnews.geocomm.com/whitepapers/sdts-demmap.pdf</subfield>
        <subfield code='z'>The Spatial data and transfer standard mapping of the USGS digital elevation model.</subfield>
        <subfield code='u'>http://gisdata.usgs.net/NED/fgdcmetadata.asp</subfield>
        <subfield code='z'>National elevation dataset FGDC compliant metadata.</subfield>
      </datafield>
      <datafield ind1=' ' ind2=' ' tag='516'>
        <subfield code='a'>Digital elevation model (DEM)</subfield>
      </datafield>
      <datafield ind1=' ' ind2=' ' tag='520'>
        <subfield code='a'>National elevation model (DEM) for the conterminous United States, Hawaii and Alaska.</subfield>
      </datafield>
      <datafield ind1=' ' ind2='0' tag='650'>
        <subfield code='a'>Digital mapping</subfield>
        <subfield code='z'>United States.</subfield>
      </datafield>
      <datafield ind1=' ' ind2='0' tag='651'>
        <subfield code='a'>United States</subfield>
        <subfield code='x'>Altitudes</subfield>
        <subfield code='v'>Maps.</subfield>
      </datafield>
      <datafield ind1=' ' ind2='7' tag='655'>
        <subfield code='a'>Geospatial data.</subfield>
        <subfield code='2'>lcgft</subfield>
      </datafield>
      <datafield ind1='2' ind2=' ' tag='710'>
        <subfield code='a'>Geological Survey (U.S.)</subfield>
      </datafield>
      <datafield ind1='4' ind2='1' tag='856'>
        <subfield code='u'>https://nationalmap.gov/elevation.html</subfield>
        <subfield code='y'>Available via UNC-Chapel Hill Libraries</subfield>
      </datafield>
      <datafield ind1=' ' ind2=' ' tag='907'>
        <subfield code='a'>b4265192</subfield>
      </datafield>
      <datafield ind1='0' ind2='0' tag='999'>
        <subfield code='a'>2004-10-01 00:00:00-04</subfield>
        <subfield code='c'>2004-10-07 11:54:00-04</subfield>
        <subfield code='u'>2018-03-28 12:54:57-04</subfield>
      </datafield>
  </record>