
  <record>
    <leader>00000cam a2200337La 4500</leader>
      <controlfield tag='006'>m        u</controlfield>
      <controlfield tag='008'>000807s1987    enka    sbd   001 0 eng d</controlfield>
      <controlfield tag='007'>cr cn</controlfield>
      <controlfield tag='001'>44964509ehnl</controlfield>
      <controlfield tag='005'>20021003034700.0</controlfield>
      <datafield ind1=' ' ind2=' ' tag='020'>
        <subfield code='a'>0585157006 (electronic bk.)</subfield>
      </datafield>
      <datafield ind1=' ' ind2=' ' tag='040'>
        <subfield code='a'>N$T</subfield>
        <subfield code='c'>N$T</subfield>
        <subfield code='d'>OCL</subfield>
        <subfield code='d'>OCLCQ</subfield>
      </datafield>
      <datafield ind1='1' ind2='4' tag='050'>
        <subfield code='a'>BF31</subfield>
        <subfield code='b'>.O94 1987eb</subfield>
      </datafield>
      <datafield ind1='0' ind2='4' tag='082'>
        <subfield code='a'>128/.2</subfield>
        <subfield code='2'>19</subfield>
      </datafield>
      <datafield ind1='0' ind2='4' tag='245'>
        <subfield code='a'>The Oxford companion to the mind</subfield>
        <subfield code='h'>[electronic resource] /</subfield>
        <subfield code='c'>edited by Richard L. Gregory, with the assistance of O.L. Zangwill.</subfield>
      </datafield>
      <datafield ind1=' ' ind2=' ' tag='260'>
        <subfield code='a'>Oxford [Oxfordshire] :</subfield>
        <subfield code='b'>Oxford University Press,</subfield>
        <subfield code='c'>1987.</subfield>
      </datafield>
      <datafield ind1=' ' ind2=' ' tag='300'>
        <subfield code='a'>xvii, 856 p. :</subfield>
        <subfield code='b'>ill. ;</subfield>
        <subfield code='c'>25 cm.</subfield>
      </datafield>
      <datafield ind1=' ' ind2=' ' tag='504'>
        <subfield code='a'>Includes bibliographies and index.</subfield>
      </datafield>
      <datafield ind1='1' ind2=' ' tag='506'>
        <subfield code='a'>Access limited to UNC Chapel Hill-authenticated users.</subfield>
        <subfield code='f'>Limited to one (1) concurrent user</subfield>
      </datafield>
      <datafield ind1=' ' ind2='0' tag='650'>
        <subfield code='a'>Psychology</subfield>
        <subfield code='v'>Dictionaries.</subfield>
      </datafield>
      <datafield ind1=' ' ind2='0' tag='650'>
        <subfield code='a'>Neurophysiology</subfield>
        <subfield code='v'>Dictionaries.</subfield>
      </datafield>
      <datafield ind1=' ' ind2='0' tag='650'>
        <subfield code='a'>Philosophy</subfield>
        <subfield code='v'>Dictionaries.</subfield>
      </datafield>
      <datafield ind1='1' ind2=' ' tag='700'>
        <subfield code='a'>Gregory, R. L.</subfield>
        <subfield code='q'>(Richard Langton)</subfield>
      </datafield>
      <datafield ind1='1' ind2=' ' tag='700'>
        <subfield code='a'>Zangwill, O. L.</subfield>
        <subfield code='q'>(Oliver Louis),</subfield>
        <subfield code='d'>1913-1987.</subfield>
      </datafield>
      <datafield ind1='0' ind2=' ' tag='773'>
        <subfield code='t'>Ebscohost ebooks (online collection). Via NCLive</subfield>
      </datafield>
      <datafield ind1='1' ind2=' ' tag='776'>
        <subfield code='c'>Original</subfield>
        <subfield code='z'>019866124X</subfield>
        <subfield code='w'>(DLC)  87001671</subfield>
        <subfield code='w'>(OCoLC)17227958</subfield>
      </datafield>
      <datafield ind1='4' ind2='0' tag='856'>
        <subfield code='y'>Full text available via the UNC-Chapel Hill Libraries</subfield>
        <subfield code='u'>http://libproxy.lib.unc.edu/login?url=http://www.netLibrary.com/urlapi.asp?action=summary&amp;v=1&amp;bookid=12405</subfield>
      </datafield>
      <datafield ind1=' ' ind2=' ' tag='907'>
        <subfield code='a'>b4320053</subfield>
      </datafield>
      <datafield ind1='0' ind2='0' tag='999'>
        <subfield code='a'>2005-10-01 00:00:00-04</subfield>
        <subfield code='c'>2004-10-07 13:01:01-04</subfield>
        <subfield code='u'>2017-11-09 11:31:07-05</subfield>
      </datafield>
  </record>