
  <record>
    <leader>00000cgm  2200577Ia 4500</leader>
      <controlfield tag='008'>030410p20032002xxu119 e          vleng d</controlfield>
      <controlfield tag='007'>vd cvaizu</controlfield>
      <controlfield tag='001'>52034413</controlfield>
      <controlfield tag='005'>20030908093936.0</controlfield>
      <datafield ind1=' ' ind2=' ' tag='020'>
        <subfield code='a'>0792854845</subfield>
      </datafield>
      <datafield ind1='1' ind2='0' tag='024'>
        <subfield code='a'>027616882264</subfield>
      </datafield>
      <datafield ind1='4' ind2='2' tag='028'>
        <subfield code='a'>1004115</subfield>
        <subfield code='b'>MGM Home Entertainment</subfield>
      </datafield>
      <datafield ind1=' ' ind2=' ' tag='037'>
        <subfield code='b'>Midwest Tape (http://www.midwesttapes.com)</subfield>
      </datafield>
      <datafield ind1=' ' ind2=' ' tag='040'>
        <subfield code='a'>TEF</subfield>
        <subfield code='c'>TEF</subfield>
        <subfield code='d'>JED</subfield>
        <subfield code='d'>NOC</subfield>
      </datafield>
      <datafield ind1=' ' ind2=' ' tag='043'>
        <subfield code='a'>n-us---</subfield>
      </datafield>
      <datafield ind1=' ' ind2=' ' tag='044'>
        <subfield code='a'>xxu</subfield>
        <subfield code='a'>xxc</subfield>
      </datafield>
      <datafield ind1='0' ind2='4' tag='082'>
        <subfield code='a'>363.3/3/0973</subfield>
        <subfield code='2'>21</subfield>
      </datafield>
      <datafield ind1='0' ind2='0' tag='245'>
        <subfield code='a'>Bowling for Columbine</subfield>
        <subfield code='h'>[videorecording] /</subfield>
        <subfield code='c'>United Artists and Alliance Atlantis present a Salter Street Films and VIF 2 production, a Dog Eat Dog Films production ; producers, Michael Moore, Kathleen Glynn, Jim Czarnecki, Charles Bishop, Michale Donovan ; written and directed by Michael Moore.</subfield>
      </datafield>
      <datafield ind1=' ' ind2=' ' tag='260'>
        <subfield code='a'>[United States] :</subfield>
        <subfield code='b'>MGM Home Entertainment,</subfield>
        <subfield code='c'>[2003], c2002.</subfield>
      </datafield>
      <datafield ind1=' ' ind2=' ' tag='300'>
        <subfield code='a'>1 videodisc (119 min.) :</subfield>
        <subfield code='b'>sd., col. ;</subfield>
        <subfield code='c'>4 3/4 in.</subfield>
      </datafield>
      <datafield ind1=' ' ind2=' ' tag='500'>
        <subfield code='a'>Originally produced or released in 1999.</subfield>
      </datafield>
      <datafield ind1=' ' ind2=' ' tag='500'>
        <subfield code='a'>Run time: approx. 119 min.</subfield>
      </datafield>
      <datafield ind1=' ' ind2=' ' tag='508'>
        <subfield code='a'>Director of photography, Brian Danitz, Michael McDonough ; editor, Kurt Engfehr ; music, Jeff Gibbs.</subfield>
      </datafield>
      <datafield ind1='1' ind2=' ' tag='511'>
        <subfield code='a'>Michael Moore; Charlton Heston is also interviewed.</subfield>
      </datafield>
      <datafield ind1=' ' ind2=' ' tag='520'>
        <subfield code='a'>The United States of America is notorious for its astronomical number of people killed by firearms for a developed nation without a civil war. With his signature sense of angry humor, activist filmmaker Michael Moore sets out to explore the roots of this bloodshed.</subfield>
      </datafield>
      <datafield ind1=' ' ind2=' ' tag='530'>
        <subfield code='a'>Also issued on VHS.</subfield>
      </datafield>
      <datafield ind1=' ' ind2=' ' tag='538'>
        <subfield code='a'>DVD, Dolby digital.</subfield>
      </datafield>
      <datafield ind1=' ' ind2=' ' tag='546'>
        <subfield code='a'>Closed-captioned.</subfield>
      </datafield>
      <datafield ind1=' ' ind2=' ' tag='586'>
        <subfield code='a'>Academy Awards, 2003: Best Documentary, Features (Michael Moore, Michael Donovan)</subfield>
      </datafield>
      <datafield ind1=' ' ind2=' ' tag='586'>
        <subfield code='a'>Cannes Film Festival, 2002: 55th Anniversary Prize (Michael Moore)</subfield>
      </datafield>
      <datafield ind1='2' ind2='0' tag='610'>
        <subfield code='a'>Columbine High School (Littleton, Colo.)</subfield>
      </datafield>
      <datafield ind1=' ' ind2='0' tag='650'>
        <subfield code='a'>Gun control</subfield>
        <subfield code='z'>United States.</subfield>
      </datafield>
      <datafield ind1=' ' ind2='0' tag='650'>
        <subfield code='a'>School violence</subfield>
        <subfield code='z'>Colorado</subfield>
        <subfield code='z'>Littleton.</subfield>
      </datafield>
      <datafield ind1=' ' ind2='0' tag='650'>
        <subfield code='a'>School shootings</subfield>
        <subfield code='x'>Investigation</subfield>
        <subfield code='z'>Colorado</subfield>
        <subfield code='z'>Littleton.</subfield>
      </datafield>
      <datafield ind1=' ' ind2='7' tag='655'>
        <subfield code='a'>Documentary films.</subfield>
        <subfield code='2'>local</subfield>
      </datafield>
      <datafield ind1=' ' ind2=' ' tag='691'>
        <subfield code='a'>USA.</subfield>
      </datafield>
      <datafield ind1='1' ind2=' ' tag='700'>
        <subfield code='a'>Moore, Michael,</subfield>
        <subfield code='d'>1954 April 23-</subfield>
        <subfield code='4'>drt</subfield>
      </datafield>
      <datafield ind1='2' ind2=' ' tag='710'>
        <subfield code='a'>United Artists Corporation.</subfield>
      </datafield>
      <datafield ind1='2' ind2=' ' tag='710'>
        <subfield code='a'>Alliance Atlantis (Firm)</subfield>
      </datafield>
      <datafield ind1='2' ind2=' ' tag='710'>
        <subfield code='a'>Salter Street Films.</subfield>
      </datafield>
      <datafield ind1='2' ind2=' ' tag='710'>
        <subfield code='a'>Dog Eat Dog Films.</subfield>
      </datafield>
      <datafield ind1='2' ind2=' ' tag='710'>
        <subfield code='a'>MGM Home Entertainment Inc.</subfield>
      </datafield>
      <datafield ind1=' ' ind2=' ' tag='907'>
        <subfield code='a'>b4336828</subfield>
      </datafield>
      <datafield ind1='9' ind2='1' tag='999'>
        <subfield code='i'>i5919569</subfield>
        <subfield code='l'>ulba</subfield>
        <subfield code='s'>o</subfield>
        <subfield code='t'>82</subfield>
        <subfield code='c'>1</subfield>
        <subfield code='o'>17</subfield>
        <subfield code='b'>00021370035</subfield>
        <subfield code='p'>099#9</subfield>
        <subfield code='q'>|a65-DVD1299</subfield>
      </datafield>
      <datafield ind1='0' ind2='0' tag='999'>
        <subfield code='a'>2004-10-01 00:00:00-04</subfield>
        <subfield code='c'>2004-10-07 13:03:00-04</subfield>
        <subfield code='u'>2014-01-16 16:39:22-05</subfield>
      </datafield>
  </record>