
  <record>
    <leader>00000cai a2200673 i 4500</leader>
      <controlfield tag='006'>m     o  d f</controlfield>
      <controlfield tag='007'>cr bn|||||||||</controlfield>
      <controlfield tag='008'>040325c19979999dcu x d o s  f0    2eng c</controlfield>
      <controlfield tag='001'>54810920</controlfield>
      <controlfield tag='003'>OCoLC</controlfield>
      <controlfield tag='005'>20170613131704.0</controlfield>
      <datafield ind1=' ' ind2=' ' tag='010'>
        <subfield code='a'>2017231994</subfield>
      </datafield>
      <datafield ind1=' ' ind2=' ' tag='040'>
        <subfield code='a'>GPO</subfield>
        <subfield code='b'>eng</subfield>
        <subfield code='e'>rda</subfield>
        <subfield code='e'>pn</subfield>
        <subfield code='c'>GPO</subfield>
        <subfield code='d'>OCLCQ</subfield>
        <subfield code='d'>GPO</subfield>
        <subfield code='d'>GAO</subfield>
        <subfield code='d'>OCLCQ</subfield>
        <subfield code='d'>OCLCF</subfield>
        <subfield code='d'>OCLCQ</subfield>
        <subfield code='d'>OCLCO</subfield>
        <subfield code='d'>OCLCQ</subfield>
        <subfield code='d'>GPO</subfield>
        <subfield code='d'>MvI</subfield>
      </datafield>
      <datafield ind1=' ' ind2=' ' tag='042'>
        <subfield code='a'>pcc</subfield>
      </datafield>
      <datafield ind1=' ' ind2=' ' tag='043'>
        <subfield code='a'>n-us---</subfield>
      </datafield>
      <datafield ind1=' ' ind2=' ' tag='074'>
        <subfield code='a'>0455-N-11 (online)</subfield>
      </datafield>
      <datafield ind1='0' ind2=' ' tag='086'>
        <subfield code='a'>ED 1.334/4-2:</subfield>
      </datafield>
      <datafield ind1='0' ind2=' ' tag='130'>
        <subfield code='a'>Integrated postsecondary education data system (Online)</subfield>
      </datafield>
      <datafield ind1='1' ind2='0' tag='245'>
        <subfield code='a'>Integrated postsecondary education data system.</subfield>
      </datafield>
      <datafield ind1='1' ind2=' ' tag='246'>
        <subfield code='i'>Also known as:</subfield>
        <subfield code='a'>IPEDS</subfield>
      </datafield>
      <datafield ind1=' ' ind2='1' tag='264'>
        <subfield code='a'>[Washington, D.C.] :</subfield>
        <subfield code='b'>National Center for Education Statistics</subfield>
      </datafield>
      <datafield ind1=' ' ind2=' ' tag='300'>
        <subfield code='a'>1 online resource</subfield>
      </datafield>
      <datafield ind1=' ' ind2=' ' tag='310'>
        <subfield code='a'>Updated irregularly</subfield>
      </datafield>
      <datafield ind1=' ' ind2=' ' tag='336'>
        <subfield code='a'>text</subfield>
        <subfield code='b'>txt</subfield>
        <subfield code='2'>rdacontent</subfield>
      </datafield>
      <datafield ind1=' ' ind2=' ' tag='337'>
        <subfield code='a'>computer</subfield>
        <subfield code='b'>c</subfield>
        <subfield code='2'>rdamedia</subfield>
      </datafield>
      <datafield ind1=' ' ind2=' ' tag='338'>
        <subfield code='a'>online resource</subfield>
        <subfield code='b'>cr</subfield>
        <subfield code='2'>rdacarrier</subfield>
      </datafield>
      <datafield ind1='1' ind2=' ' tag='362'>
        <subfield code='a'>Began in 1997?</subfield>
      </datafield>
      <datafield ind1=' ' ind2=' ' tag='500'>
        <subfield code='a'>Originally issued 1967-1986 as (HEGIS) data, [now in] IPEDS data archive at International Archive of Education Data housed at the University of Michigan; 1986-87 and 1990-91 as (SHEP) data, and: (IPEDS) data 1994- archived on the NCES web site.</subfield>
      </datafield>
      <datafield ind1=' ' ind2=' ' tag='500'>
        <subfield code='a'>Description based on version consulted, (fall 2003 system data); title from title screen (viewed on Mar. 23, 2004).</subfield>
      </datafield>
      <datafield ind1=' ' ind2=' ' tag='515'>
        <subfield code='a'>Issued with prior year data rev. system.</subfield>
      </datafield>
      <datafield ind1='8' ind2=' ' tag='516'>
        <subfield code='a'>Text, PDF, Microsoft Access, and Excel formats.</subfield>
      </datafield>
      <datafield ind1=' ' ind2=' ' tag='520'>
        <subfield code='a'>IPEDS core postsecondary data collection system features the IPEDS peer analysis system and IPEDS college opportunities on-line; system tools for data and analysis.</subfield>
      </datafield>
      <datafield ind1=' ' ind2=' ' tag='538'>
        <subfield code='a'>System requirements: Archive zip file software which is available for download/installation (required to unzip spreadsheet files for access by user&apos;s spreadsheet software); Electronic Code Book (ECB) software for download/installation (required for record layout of SPSS and SAS labeled code for use with this statistical database package).</subfield>
      </datafield>
      <datafield ind1=' ' ind2=' ' tag='538'>
        <subfield code='a'>Mode of access: Internet at the NCES web site. Address as of 3/23/04: http://nces.ed.gov/ipeds/; current access is available via PURL.</subfield>
      </datafield>
      <datafield ind1=' ' ind2=' ' tag='556'>
        <subfield code='a'>IPEDS peer analysis system user manual, self guided tutorials.</subfield>
      </datafield>
      <datafield ind1=' ' ind2=' ' tag='580'>
        <subfield code='a'>Survey data also issued on CD-ROMs.</subfield>
      </datafield>
      <datafield ind1=' ' ind2=' ' tag='588'>
        <subfield code='a'>Description based on contents viewed June 25, 2004; title from caption.</subfield>
      </datafield>
      <datafield ind1=' ' ind2='0' tag='650'>
        <subfield code='a'>Educational surveys</subfield>
        <subfield code='z'>United States</subfield>
        <subfield code='v'>Databases.</subfield>
      </datafield>
      <datafield ind1=' ' ind2='0' tag='650'>
        <subfield code='a'>Education, Higher</subfield>
        <subfield code='z'>United States</subfield>
        <subfield code='v'>Statistics</subfield>
        <subfield code='v'>Databases.</subfield>
      </datafield>
      <datafield ind1=' ' ind2='0' tag='650'>
        <subfield code='a'>Universities and colleges</subfield>
        <subfield code='z'>United States</subfield>
        <subfield code='v'>Statistics</subfield>
        <subfield code='v'>Databases.</subfield>
      </datafield>
      <datafield ind1=' ' ind2='7' tag='650'>
        <subfield code='a'>Education, Higher</subfield>
        <subfield code='x'>Statistics.</subfield>
        <subfield code='2'>fast</subfield>
        <subfield code='0'>(OCoLC)fst00903118</subfield>
      </datafield>
      <datafield ind1=' ' ind2='7' tag='650'>
        <subfield code='a'>Educational surveys.</subfield>
        <subfield code='2'>fast</subfield>
        <subfield code='0'>(OCoLC)fst00903613</subfield>
      </datafield>
      <datafield ind1=' ' ind2='7' tag='650'>
        <subfield code='a'>Universities and colleges</subfield>
        <subfield code='x'>Statistics.</subfield>
        <subfield code='2'>fast</subfield>
        <subfield code='0'>(OCoLC)fst01161883</subfield>
      </datafield>
      <datafield ind1=' ' ind2='7' tag='651'>
        <subfield code='a'>United States.</subfield>
        <subfield code='2'>fast</subfield>
        <subfield code='0'>(OCoLC)fst01204155</subfield>
      </datafield>
      <datafield ind1='2' ind2=' ' tag='710'>
        <subfield code='a'>National Center for Education Statistics,</subfield>
        <subfield code='e'>issuing body.</subfield>
      </datafield>
      <datafield ind1='0' ind2='1' tag='780'>
        <subfield code='t'>Directory of postsecondary institutions</subfield>
        <subfield code='x'>0898-2317</subfield>
        <subfield code='w'>(DLC) 2016231201</subfield>
        <subfield code='w'>(OCoLC)604215260</subfield>
      </datafield>
      <datafield ind1='1' ind2=' ' tag='787'>
        <subfield code='a'>Integrated postsecondary education data system</subfield>
        <subfield code='w'>(DLC) 97644507</subfield>
        <subfield code='w'>(OCoLC)30631461</subfield>
      </datafield>
      <datafield ind1='4' ind2='0' tag='856'>
        <subfield code='u'>http://purl.access.gpo.gov/GPO/LPS46097</subfield>
      </datafield>
      <datafield ind1=' ' ind2=' ' tag='919'>
        <subfield code='a'>dwsgpo</subfield>
      </datafield>
      <datafield ind1=' ' ind2=' ' tag='907'>
        <subfield code='a'>b4430475</subfield>
      </datafield>
      <datafield ind1='0' ind2='0' tag='999'>
        <subfield code='a'>2017-07-12 00:00:00-04</subfield>
        <subfield code='c'>2004-10-07 13:23:57-04</subfield>
        <subfield code='u'>2017-07-31 19:26:32-04</subfield>
      </datafield>
  </record>