
  <record>
    <leader>00000cam  2200493Ia 4500</leader>
      <controlfield tag='008'>051128s2004    cc a          000 0 chi d</controlfield>
      <controlfield tag='001'>62359662</controlfield>
      <controlfield tag='003'>OCoLC</controlfield>
      <controlfield tag='005'>20081106092618.0</controlfield>
      <datafield ind1=' ' ind2=' ' tag='019'>
        <subfield code='a'>144545816</subfield>
      </datafield>
      <datafield ind1=' ' ind2=' ' tag='020'>
        <subfield code='a'>962803829X</subfield>
      </datafield>
      <datafield ind1=' ' ind2=' ' tag='020'>
        <subfield code='a'>9789628038299</subfield>
      </datafield>
      <datafield ind1=' ' ind2=' ' tag='035'>
        <subfield code='a'>(OCoLC)62359662</subfield>
        <subfield code='z'>(OCoLC)144545816</subfield>
      </datafield>
      <datafield ind1=' ' ind2=' ' tag='040'>
        <subfield code='a'>COF</subfield>
        <subfield code='c'>COF</subfield>
        <subfield code='d'>IUL</subfield>
        <subfield code='d'>BAKER</subfield>
        <subfield code='d'>OCLCQ</subfield>
        <subfield code='d'>YDXCP</subfield>
        <subfield code='d'>OCLCQ</subfield>
        <subfield code='d'>BTCTA</subfield>
        <subfield code='d'>OCLCG</subfield>
      </datafield>
      <datafield ind1='1' ind2=' ' tag='041'>
        <subfield code='a'>chi</subfield>
        <subfield code='a'>eng</subfield>
        <subfield code='h'>chi</subfield>
      </datafield>
      <datafield ind1=' ' ind2=' ' tag='043'>
        <subfield code='a'>a-cc---</subfield>
      </datafield>
      <datafield ind1=' ' ind2=' ' tag='049'>
        <subfield code='a'>NOCC</subfield>
      </datafield>
      <datafield ind1=' ' ind2='4' tag='050'>
        <subfield code='a'>N7343.5</subfield>
        <subfield code='b'>.L53 2004</subfield>
      </datafield>
      <datafield ind1=' ' ind2=' ' tag='066'>
        <subfield code='c'>$1</subfield>
      </datafield>
      <datafield ind1='1' ind2=' ' tag='100'>
        <subfield code='6'>880-01</subfield>
        <subfield code='a'>Liang, Yuwei,</subfield>
        <subfield code='d'>-1917.</subfield>
      </datafield>
      <datafield ind1='1' ind2='0' tag='245'>
        <subfield code='6'>880-02</subfield>
        <subfield code='a'>Bao dao lin quan :</subfield>
        <subfield code='b'>Liang Yuwei de shu hua yu yin yi /</subfield>
        <subfield code='c'>[bian ji Peng Qiyun, Shi Junyu] = the art of Liang Yuwei : 29.10.2004-9.12.2004 / University Museum and Art Gallery, the University of Hong Kong ; [editors Tina Pang Yee-wan, Jane Sze Kwan-yuk].</subfield>
      </datafield>
      <datafield ind1='3' ind2='0' tag='246'>
        <subfield code='6'>880-03</subfield>
        <subfield code='a'>Liang Yuwei de shu hua yu yin yi</subfield>
      </datafield>
      <datafield ind1='3' ind2='1' tag='246'>
        <subfield code='a'>Art of Liang Yuwei</subfield>
      </datafield>
      <datafield ind1=' ' ind2=' ' tag='260'>
        <subfield code='6'>880-04</subfield>
        <subfield code='a'>[Xianggang] :</subfield>
        <subfield code='b'>Xianggang da xue mei shu bo wu guan,</subfield>
        <subfield code='c'>2004.</subfield>
      </datafield>
      <datafield ind1=' ' ind2=' ' tag='300'>
        <subfield code='a'>221 p. :</subfield>
        <subfield code='b'>col. ill. ;</subfield>
        <subfield code='c'>31 cm.</subfield>
      </datafield>
      <datafield ind1=' ' ind2=' ' tag='500'>
        <subfield code='a'>Chinese text, parallel English translation.</subfield>
      </datafield>
      <datafield ind1=' ' ind2=' ' tag='585'>
        <subfield code='3'>Paintings, calligraphies, seal carvings</subfield>
        <subfield code='a'>Exhibited: University Museum and Art Gallery, The University of Hong Kong, sponsored by Mr. Frankie W., October 29, 2004-December 9, 2004.</subfield>
      </datafield>
      <datafield ind1='1' ind2='0' tag='600'>
        <subfield code='6'>880-05</subfield>
        <subfield code='a'>Liang, Yuwei,</subfield>
        <subfield code='d'>-1917.</subfield>
      </datafield>
      <datafield ind1=' ' ind2='0' tag='650'>
        <subfield code='a'>Art, Chinese</subfield>
        <subfield code='y'>Ming-Qing dynasties, 1368-1912</subfield>
        <subfield code='v'>Exhibitions.</subfield>
      </datafield>
      <datafield ind1='1' ind2=' ' tag='700'>
        <subfield code='a'>Pang, Tina.</subfield>
      </datafield>
      <datafield ind1='1' ind2=' ' tag='700'>
        <subfield code='a'>Sze, Jane.</subfield>
      </datafield>
      <datafield ind1='2' ind2=' ' tag='710'>
        <subfield code='a'>University of Hong Kong.</subfield>
        <subfield code='b'>University Museum and Art Gallery.</subfield>
      </datafield>
      <datafield ind1='1' ind2=' ' tag='880'>
        <subfield code='6'>100-01/$1</subfield>
        <subfield code='a'>梁于渭,</subfield>
        <subfield code='d'>-1917.</subfield>
      </datafield>
      <datafield ind1='1' ind2='0' tag='880'>
        <subfield code='6'>245-02/$1</subfield>
        <subfield code='a'>抱道林泉 :</subfield>
        <subfield code='b'>梁于渭的書畫與印藝 / c 香港大學美術博物館 ; [編輯彭绮雲, 施君玉] = The art of Liang Yuwei : 29.10.2004-9.12.2004 / University Museum and Art Gallery, The University of Hong Kong ; [editors Tina Pang Yee-wan, Jane Sze Kwan-yuk].</subfield>
      </datafield>
      <datafield ind1='3' ind2='0' tag='880'>
        <subfield code='6'>246-03/$1</subfield>
        <subfield code='a'>梁于渭的書畫與印藝</subfield>
      </datafield>
      <datafield ind1=' ' ind2=' ' tag='880'>
        <subfield code='6'>260-04/$1</subfield>
        <subfield code='a'>[香港] :</subfield>
        <subfield code='b'>香港大學美術博物館,</subfield>
        <subfield code='c'>2004.</subfield>
      </datafield>
      <datafield ind1='1' ind2='4' tag='880'>
        <subfield code='6'>600-05/$1</subfield>
        <subfield code='a'>梁于渭,</subfield>
        <subfield code='d'>-1917.</subfield>
      </datafield>
      <datafield ind1=' ' ind2=' ' tag='907'>
        <subfield code='a'>b4794350</subfield>
      </datafield>
      <datafield ind1='9' ind2='1' tag='999'>
        <subfield code='i'>i6323427</subfield>
        <subfield code='l'>dddb</subfield>
        <subfield code='s'>-</subfield>
        <subfield code='t'>0</subfield>
        <subfield code='c'>1</subfield>
        <subfield code='o'>0</subfield>
        <subfield code='b'>00025516969</subfield>
        <subfield code='p'>090##</subfield>
        <subfield code='q'>|aN7343.53.L55|bL53 2004</subfield>
      </datafield>
      <datafield ind1='0' ind2='0' tag='999'>
        <subfield code='a'>2008-11-06 00:00:00-05</subfield>
        <subfield code='c'>2006-01-11 11:17:00-05</subfield>
        <subfield code='u'>2017-11-15 15:17:29-05</subfield>
      </datafield>
  </record>