
  <record>
    <leader>00000nam  2200373Ia 4500</leader>
      <controlfield tag='006'>m        d f</controlfield>
      <controlfield tag='008'>050610s2004    dcu     s    f000 0 eng d</controlfield>
      <controlfield tag='007'>cr bn|||||||||</controlfield>
      <controlfield tag='001'>60593465</controlfield>
      <controlfield tag='003'>OCoLC</controlfield>
      <controlfield tag='005'>20050815111952.0</controlfield>
      <datafield ind1=' ' ind2=' ' tag='040'>
        <subfield code='a'>R#A</subfield>
        <subfield code='c'>R#A</subfield>
        <subfield code='d'>OCL</subfield>
        <subfield code='d'>GPO</subfield>
        <subfield code='d'>MvI</subfield>
      </datafield>
      <datafield ind1=' ' ind2=' ' tag='043'>
        <subfield code='a'>n-us---</subfield>
      </datafield>
      <datafield ind1='1' ind2='4' tag='050'>
        <subfield code='a'>HV8144.F43</subfield>
      </datafield>
      <datafield ind1=' ' ind2=' ' tag='074'>
        <subfield code='a'>0718-C-01 (online)</subfield>
      </datafield>
      <datafield ind1='0' ind2=' ' tag='086'>
        <subfield code='a'>J 37.2:IN 8</subfield>
      </datafield>
      <datafield ind1='1' ind2=' ' tag='110'>
        <subfield code='a'>United States.</subfield>
        <subfield code='b'>Department of Justice.</subfield>
        <subfield code='b'>Office of the Inspector General.</subfield>
      </datafield>
      <datafield ind1='1' ind2='2' tag='245'>
        <subfield code='a'>A review of the FBI&apos;s handling of intelligence information related to the September 11 attacks</subfield>
        <subfield code='h'>[electronic resource] /</subfield>
        <subfield code='c'>U.S. Department of Justice, Office of the Inspector General.</subfield>
      </datafield>
      <datafield ind1=' ' ind2=' ' tag='260'>
        <subfield code='a'>[Washington, D.C.] :</subfield>
        <subfield code='b'>U.S. Dept. of Justice, Office of the Inspector General,</subfield>
        <subfield code='c'>[2004]</subfield>
      </datafield>
      <datafield ind1=' ' ind2=' ' tag='500'>
        <subfield code='a'>Title from title screen (viewed on Aug. 15, 2005).</subfield>
      </datafield>
      <datafield ind1=' ' ind2=' ' tag='500'>
        <subfield code='a'>&quot;November 2004.&quot;</subfield>
      </datafield>
      <datafield ind1=' ' ind2=' ' tag='500'>
        <subfield code='a'>&quot;Redacted and unclassified; released publicly June 2005.&quot;</subfield>
      </datafield>
      <datafield ind1=' ' ind2=' ' tag='516'>
        <subfield code='a'>PDF</subfield>
      </datafield>
      <datafield ind1=' ' ind2=' ' tag='538'>
        <subfield code='a'>Mode of access: Internet from the DOJ OIG web site. Address as of 8/15/05: http://www.usdoj.gov/oig/special/0506/final.pdf; current access is available via PURL.</subfield>
      </datafield>
      <datafield ind1='1' ind2='0' tag='610'>
        <subfield code='a'>United States.</subfield>
        <subfield code='b'>Federal Bureau of Investigation.</subfield>
      </datafield>
      <datafield ind1=' ' ind2='0' tag='650'>
        <subfield code='a'>September 11 Terrorist Attacks, 2001.</subfield>
      </datafield>
      <datafield ind1=' ' ind2='0' tag='650'>
        <subfield code='a'>Intelligence service</subfield>
        <subfield code='z'>United States</subfield>
        <subfield code='x'>Evaluation.</subfield>
      </datafield>
      <datafield ind1=' ' ind2='0' tag='650'>
        <subfield code='a'>Terrorism</subfield>
        <subfield code='x'>Prevention</subfield>
        <subfield code='x'>Government policy</subfield>
        <subfield code='z'>United States.</subfield>
      </datafield>
      <datafield ind1='4' ind2='0' tag='856'>
        <subfield code='u'>http://purl.access.gpo.gov/GPO/LPS62785</subfield>
      </datafield>
      <datafield ind1=' ' ind2=' ' tag='919'>
        <subfield code='a'>dwsgpo</subfield>
      </datafield>
      <datafield ind1=' ' ind2=' ' tag='907'>
        <subfield code='a'>b4829326</subfield>
      </datafield>
      <datafield ind1='0' ind2='0' tag='999'>
        <subfield code='a'>2006-03-28 00:00:00-05</subfield>
        <subfield code='c'>2006-03-28 15:13:18-05</subfield>
        <subfield code='u'>2013-10-25 17:54:31-04</subfield>
      </datafield>
  </record>