
  <record>
    <leader>00000ccm  2200277M  4500</leader>
      <controlfield tag='008'>970512s1922    xx   u         n    zxx d</controlfield>
      <controlfield tag='001'>68320817</controlfield>
      <controlfield tag='003'>OCoLC</controlfield>
      <controlfield tag='005'>20061003105110.0</controlfield>
      <datafield ind1=' ' ind2=' ' tag='040'>
        <subfield code='a'>NLGGC</subfield>
        <subfield code='e'>fobidrtb</subfield>
        <subfield code='b'>dut</subfield>
        <subfield code='c'>NLGGC</subfield>
        <subfield code='d'>NOC</subfield>
      </datafield>
      <datafield ind1=' ' ind2=' ' tag='049'>
        <subfield code='a'>NOCC</subfield>
      </datafield>
      <datafield ind1='1' ind2=' ' tag='100'>
        <subfield code='a'>Schubert, Franz,</subfield>
        <subfield code='d'>1797-1828.</subfield>
      </datafield>
      <datafield ind1='1' ind2='0' tag='245'>
        <subfield code='a'>Franz Schuberts Fünf erste Lieder &quot;Am Erlas-See&quot;, &quot;Widerschein&quot;, &quot;Die Forelle&quot;, &quot;Gretchen am Spinnrade&quot; /</subfield>
        <subfield code='c'>nach den fünf Erstdrucken und einer Handschrift in Faksimile-Reproduktion hrsg. von Otto Erich Deutsch.</subfield>
      </datafield>
      <datafield ind1=' ' ind2=' ' tag='260'>
        <subfield code='a'>Wien [etc.] :</subfield>
        <subfield code='b'>Universal,</subfield>
        <subfield code='c'>cop. 1922.</subfield>
      </datafield>
      <datafield ind1=' ' ind2=' ' tag='300'>
        <subfield code='a'>1 partituur (IX, 43 p.) ;</subfield>
        <subfield code='c'>26x34 cm.</subfield>
      </datafield>
      <datafield ind1=' ' ind2=' ' tag='500'>
        <subfield code='a'>Voor zangstem en piano.</subfield>
      </datafield>
      <datafield ind1='0' ind2=' ' tag='505'>
        <subfield code='a'>Bevat: D.586 ; D.639 ; D.550 ; D.328 ; D.118</subfield>
      </datafield>
      <datafield ind1=' ' ind2=' ' tag='534'>
        <subfield code='a'>Faksimile-uitg. van de autografen, 1786, 1787.</subfield>
      </datafield>
      <datafield ind1='1' ind2=' ' tag='700'>
        <subfield code='a'>Deutsch, Otto Erich,</subfield>
        <subfield code='d'>1883-1967.</subfield>
      </datafield>
      <datafield ind1=' ' ind2='0' tag='830'>
        <subfield code='a'>Musikalische Seltenheiten ;</subfield>
        <subfield code='v'>Bd. 4.</subfield>
      </datafield>
      <datafield ind1=' ' ind2=' ' tag='907'>
        <subfield code='a'>b4916807</subfield>
      </datafield>
      <datafield ind1='9' ind2='1' tag='999'>
        <subfield code='i'>i6500496</subfield>
        <subfield code='l'>mmda</subfield>
        <subfield code='s'>-</subfield>
        <subfield code='t'>45</subfield>
        <subfield code='c'>1</subfield>
        <subfield code='o'>1</subfield>
        <subfield code='b'>00049424880</subfield>
        <subfield code='p'>092##</subfield>
        <subfield code='q'>|aM784.8|bS384fzD</subfield>
      </datafield>
      <datafield ind1='0' ind2='0' tag='999'>
        <subfield code='a'>2006-10-30 00:00:00-05</subfield>
        <subfield code='c'>2006-10-30 15:20:00-05</subfield>
        <subfield code='u'>2013-10-25 17:19:51-04</subfield>
      </datafield>
  </record>