
  <record>
    <leader>00000npcaa2200601Ii 4500</leader>
      <controlfield tag='008'>161012s1906    tnu                 eng d</controlfield>
      <controlfield tag='001'>960458390</controlfield>
      <controlfield tag='003'>OCoLC</controlfield>
      <controlfield tag='005'>20161012013156.0</controlfield>
      <datafield ind1=' ' ind2=' ' tag='035'>
        <subfield code='a'>(OCoLC)960458390</subfield>
      </datafield>
      <datafield ind1=' ' ind2=' ' tag='040'>
        <subfield code='a'>NOH</subfield>
        <subfield code='b'>eng</subfield>
        <subfield code='e'>rda</subfield>
        <subfield code='c'>NOH</subfield>
      </datafield>
      <datafield ind1=' ' ind2=' ' tag='049'>
        <subfield code='a'>NOHB</subfield>
      </datafield>
      <datafield ind1=' ' ind2='4' tag='060'>
        <subfield code='a'>QV 835</subfield>
      </datafield>
      <datafield ind1='2' ind2=' ' tag='110'>
        <subfield code='a'>Spurlock-Neal (Firm)</subfield>
      </datafield>
      <datafield ind1='1' ind2='0' tag='245'>
        <subfield code='a'>Spurlock-Neal Company Scrapbook,</subfield>
        <subfield code='f'>1906?</subfield>
      </datafield>
      <datafield ind1=' ' ind2=' ' tag='300'>
        <subfield code='a'>1</subfield>
        <subfield code='f'>item</subfield>
        <subfield code='a'>(0.5 linear feet).</subfield>
      </datafield>
      <datafield ind1=' ' ind2=' ' tag='336'>
        <subfield code='a'>text</subfield>
        <subfield code='b'>txt</subfield>
        <subfield code='2'>rdacontent</subfield>
      </datafield>
      <datafield ind1=' ' ind2=' ' tag='337'>
        <subfield code='a'>unmediated</subfield>
        <subfield code='b'>n</subfield>
        <subfield code='2'>rdamedia</subfield>
      </datafield>
      <datafield ind1=' ' ind2=' ' tag='338'>
        <subfield code='a'>volume</subfield>
        <subfield code='b'>nc</subfield>
        <subfield code='2'>rdacarrier</subfield>
      </datafield>
      <datafield ind1=' ' ind2=' ' tag='506'>
        <subfield code='a'>For copyright and use restrictions contact the Health Sciences Library, University of North Carolina at Chapel Hill.</subfield>
      </datafield>
      <datafield ind1='2' ind2=' ' tag='520'>
        <subfield code='a'>Scrapbook contains product boxes and labels from the Spurlock-Neal Company of Nashville, Tennessee, with accompanying price information. Includes: Jackson&apos;s Compound Extract of Sarsaparilla; Dr. Samuel Hodges&apos; Alternative Compound Sarsaparilla; Jackson&apos;s Tono-Lax; Dr. Samuel Hodges Vegetable Liver Regulator; Rich&apos;s Tasteless Chill Tonic; Es-En-Co Horse and Cattle Colic Remedy; Rich&apos;s Great Southern Colic, Cholera and Diarrhoea Remedy; Rich&apos;s Dead Shot Worm Oil; Rich&apos;s Laxaline; Deodorized Benzine for Removing Grease, Pains, Stains, Etc.; Dr. Hunt&apos;s Ran-Gum-Rut Liniment; Es-En-Co Bitter Laxative Chill Tonic; Rich&apos;s Head-Ake-Powders; Spurlock&apos;s Essence Jamaica Ginger; Spurlock&apos;s Cherry Horehound and Pine Tar Cough Syrup; Rich&apos;s Syrup Cinchona Alkaloids; Epsom Salts; Flowers of Sulphur; Ethiopian Pile Ointment; Rich&apos;s Carbolic Salve Compound; Rich&apos;s Little Liver Eggs; Menth-Alba; Mascot Vanilla Flavor Artificial; Mascot Imitation Lemon Flavor; Mascot Strawberry Flavor Artificial; Spurlock&apos;s Fruit Flavors Es-En-Co. Vanilla Extract; Mascot Red Coloring Purely Vegetable; Es-En-Co Brand Rock Candy Crystals; Pains Kill &apos;Em Plaster; Le Grande Carnation Borated Talcum Powder; Phyto-Gingerin; Baby Mine Borated Talcum Powder; Le Grande Liquid Green Soap; Le Grande Violet Witch Hazel; Le Grande Violet Sea Salt; Le Grande Violet Ammonia; Witch Hazel Toilet Jelly; Le Grande Bay Rum; Le Grande Hair Oil; Pure Spirits Turpentine; Pure Cold Pressed Castor Oil; and Pure Sewing Machine Oil. Scrapbook is undated, but some products are guaranteed under the Pure Food and Drug Act of 1906.</subfield>
      </datafield>
      <datafield ind1=' ' ind2=' ' tag='541'>
        <subfield code='a'>Gift of Kate McGraw</subfield>
        <subfield code='c'>(Gift :</subfield>
        <subfield code='d'>2007:</subfield>
        <subfield code='f'>Health Sciences Library)</subfield>
      </datafield>
      <datafield ind1='1' ind2=' ' tag='545'>
        <subfield code='a'>Spurlock-Neal Company started out as a drug store in Nashville, Tennessee in 1868, expanding later into a wholesale distributor of products from cough medicine and sarsaparilla to candies and syrups. By 1910, the company had become one of the largest retail druggists in the South.</subfield>
      </datafield>
      <datafield ind1='2' ind2='0' tag='610'>
        <subfield code='a'>Spurlock-Neal (Firm)</subfield>
      </datafield>
      <datafield ind1='2' ind2='0' tag='610'>
        <subfield code='a'>Spurlock-Neal (Firm)</subfield>
        <subfield code='v'>Specimens.</subfield>
      </datafield>
      <datafield ind1=' ' ind2='2' tag='650'>
        <subfield code='a'>Drug Labeling.</subfield>
      </datafield>
      <datafield ind1=' ' ind2='2' tag='650'>
        <subfield code='a'>Drug Packaging.</subfield>
      </datafield>
      <datafield ind1=' ' ind2='0' tag='650'>
        <subfield code='a'>Advertising</subfield>
        <subfield code='x'>Drugs</subfield>
        <subfield code='v'>Specimens.</subfield>
      </datafield>
      <datafield ind1=' ' ind2='2' tag='650'>
        <subfield code='a'>Product Labeling.</subfield>
      </datafield>
      <datafield ind1=' ' ind2='0' tag='650'>
        <subfield code='a'>Drugs</subfield>
        <subfield code='x'>Labeling</subfield>
        <subfield code='v'>Specimens.</subfield>
      </datafield>
      <datafield ind1=' ' ind2='2' tag='650'>
        <subfield code='a'>Product Packaging.</subfield>
      </datafield>
      <datafield ind1=' ' ind2='0' tag='650'>
        <subfield code='a'>Drugs</subfield>
        <subfield code='x'>Packaging</subfield>
        <subfield code='v'>Specimens.</subfield>
      </datafield>
      <datafield ind1=' ' ind2='2' tag='650'>
        <subfield code='a'>Materia Medica.</subfield>
      </datafield>
      <datafield ind1=' ' ind2='0' tag='650'>
        <subfield code='a'>Food</subfield>
        <subfield code='x'>Packaging</subfield>
        <subfield code='v'>Specimens.</subfield>
      </datafield>
      <datafield ind1=' ' ind2='2' tag='650'>
        <subfield code='a'>Pharmaceutical Preparations.</subfield>
      </datafield>
      <datafield ind1=' ' ind2='0' tag='650'>
        <subfield code='a'>Medicine bottles</subfield>
        <subfield code='x'>Labeling</subfield>
        <subfield code='v'>Specimens.</subfield>
      </datafield>
      <datafield ind1=' ' ind2='0' tag='650'>
        <subfield code='a'>Patent medicines</subfield>
        <subfield code='x'>Packaging</subfield>
        <subfield code='v'>Specimens.</subfield>
      </datafield>
      <datafield ind1=' ' ind2='0' tag='650'>
        <subfield code='a'>Materia medica.</subfield>
      </datafield>
      <datafield ind1=' ' ind2='2' tag='651'>
        <subfield code='a'>Tennessee.</subfield>
      </datafield>
      <datafield ind1=' ' ind2='2' tag='655'>
        <subfield code='a'>Collections.</subfield>
      </datafield>
      <datafield ind1=' ' ind2='7' tag='655'>
        <subfield code='a'>Scrapbooks.</subfield>
        <subfield code='2'>lcgft</subfield>
      </datafield>
      <datafield ind1=' ' ind2='7' tag='655'>
        <subfield code='a'>Sample books.</subfield>
        <subfield code='2'>rbgenr</subfield>
      </datafield>
      <datafield ind1='1' ind2=' ' tag='700'>
        <subfield code='a'>McGraw, Kathleen A.,</subfield>
        <subfield code='d'>1951-</subfield>
        <subfield code='e'>donor.</subfield>
      </datafield>
      <datafield ind1=' ' ind2=' ' tag='752'>
        <subfield code='a'>United States</subfield>
        <subfield code='b'>Tennessee</subfield>
        <subfield code='d'>Nashville.</subfield>
      </datafield>
      <datafield ind1='4' ind2='2' tag='856'>
        <subfield code='3'>Online finding aid</subfield>
        <subfield code='u'>http://finding-aids.lib.unc.edu/HC0014/</subfield>
      </datafield>
      <datafield ind1=' ' ind2=' ' tag='907'>
        <subfield code='a'>b5251752</subfield>
      </datafield>
      <datafield ind1='9' ind2='1' tag='999'>
        <subfield code='i'>i11139823</subfield>
        <subfield code='l'>nohba</subfield>
        <subfield code='s'>o</subfield>
        <subfield code='t'>43</subfield>
        <subfield code='c'>1</subfield>
        <subfield code='o'>0</subfield>
        <subfield code='p'>096##</subfield>
        <subfield code='q'>|aHC0014</subfield>
        <subfield code='n'>Hours: 8:00 a.m.-4:00 p.m., Monday-Friday.</subfield>
      </datafield>
      <datafield ind1='0' ind2='0' tag='999'>
        <subfield code='a'>2016-10-12 00:00:00-04</subfield>
        <subfield code='c'>2007-08-28 17:16:00-04</subfield>
        <subfield code='u'>2016-10-30 13:14:05-04</subfield>
      </datafield>
  </record>