
  <record>
    <leader>00000cam  2200397Ia 4500</leader>
      <controlfield tag='008'>760209s1896    meuf     b    000 0 eng d</controlfield>
      <controlfield tag='001'>1979467</controlfield>
      <controlfield tag='003'>OCoLC</controlfield>
      <controlfield tag='005'>20091229021206.0</controlfield>
      <datafield ind1=' ' ind2=' ' tag='035'>
        <subfield code='a'>(OCoLC)1979467</subfield>
      </datafield>
      <datafield ind1=' ' ind2=' ' tag='040'>
        <subfield code='a'>AZS</subfield>
        <subfield code='c'>AZS</subfield>
        <subfield code='d'>OCL</subfield>
        <subfield code='d'>OCLCQ</subfield>
        <subfield code='d'>OCLCG</subfield>
        <subfield code='d'>NOC</subfield>
      </datafield>
      <datafield ind1=' ' ind2=' ' tag='049'>
        <subfield code='a'>NOCR</subfield>
      </datafield>
      <datafield ind1=' ' ind2='4' tag='050'>
        <subfield code='a'>Z232.M886</subfield>
        <subfield code='b'>Ca3</subfield>
      </datafield>
      <datafield ind1=' ' ind2='4' tag='082'>
        <subfield code='a'>851.15</subfield>
      </datafield>
      <datafield ind1='0' ind2=' ' tag='100'>
        <subfield code='a'>Dante Alighieri,</subfield>
        <subfield code='d'>1265-1321.</subfield>
      </datafield>
      <datafield ind1='1' ind2='0' tag='240'>
        <subfield code='a'>Vita nuova.</subfield>
        <subfield code='l'>English</subfield>
      </datafield>
      <datafield ind1='1' ind2='4' tag='245'>
        <subfield code='a'>The new life of Dante Alighieri /</subfield>
        <subfield code='c'>translated by Dante Gabriel Rossetti.</subfield>
      </datafield>
      <datafield ind1=' ' ind2=' ' tag='260'>
        <subfield code='a'>Portland, Me. :</subfield>
        <subfield code='b'>Thomas B. Mosher,</subfield>
        <subfield code='c'>1896.</subfield>
      </datafield>
      <datafield ind1=' ' ind2=' ' tag='300'>
        <subfield code='a'>xii p., [4], 95, [1] p., [1] leaf of plates ;</subfield>
        <subfield code='c'>18 x 10 cm.</subfield>
      </datafield>
      <datafield ind1=' ' ind2=' ' tag='500'>
        <subfield code='a'>&quot;This first edition on Van Gelder paper consists of 925 copies&quot;--T.p. verso.</subfield>
      </datafield>
      <datafield ind1='0' ind2=' ' tag='561'>
        <subfield code='a'>Gift of Ralph Falls, 6/25/97.</subfield>
      </datafield>
      <datafield ind1=' ' ind2='7' tag='655'>
        <subfield code='a'>Markings (Provenance)</subfield>
        <subfield code='z'>Maine</subfield>
        <subfield code='y'>19th century.</subfield>
        <subfield code='2'>rbprov</subfield>
      </datafield>
      <datafield ind1=' ' ind2='7' tag='655'>
        <subfield code='a'>Limitation statements (Publishing)</subfield>
        <subfield code='z'>Maine</subfield>
        <subfield code='y'>19th century.</subfield>
        <subfield code='2'>rbpub</subfield>
      </datafield>
      <datafield ind1=' ' ind2='7' tag='655'>
        <subfield code='a'>Yapp style bindings (Binding)</subfield>
        <subfield code='z'>Maine</subfield>
        <subfield code='y'>19th century.</subfield>
        <subfield code='2'>rbbin</subfield>
      </datafield>
      <datafield ind1='1' ind2=' ' tag='700'>
        <subfield code='a'>Rossetti, Dante Gabriel,</subfield>
        <subfield code='d'>1828-1882,</subfield>
        <subfield code='e'>translator.</subfield>
      </datafield>
      <datafield ind1='2' ind2=' ' tag='710'>
        <subfield code='a'>Van Gelder Zonen,</subfield>
        <subfield code='e'>papermaker.</subfield>
      </datafield>
      <datafield ind1='2' ind2=' ' tag='710'>
        <subfield code='a'>Thomas B. Mosher (Firm),</subfield>
        <subfield code='e'>publisher.</subfield>
      </datafield>
      <datafield ind1=' ' ind2='0' tag='830'>
        <subfield code='a'>Old world series ;</subfield>
        <subfield code='v'>3.</subfield>
      </datafield>
      <datafield ind1=' ' ind2=' ' tag='907'>
        <subfield code='a'>b5260735</subfield>
      </datafield>
      <datafield ind1='9' ind2='1' tag='999'>
        <subfield code='i'>i7937677</subfield>
        <subfield code='l'>wcda</subfield>
        <subfield code='s'>o</subfield>
        <subfield code='t'>0</subfield>
        <subfield code='c'>1</subfield>
        <subfield code='o'>0</subfield>
        <subfield code='b'>00033576611</subfield>
        <subfield code='p'>090##</subfield>
        <subfield code='q'>|aPQ4315.58|b.R7 1896</subfield>
        <subfield code='n'>RBC: Bound in ivory paper; yapp fore-edges; deckle edges; notations and markings throughout.</subfield>
      </datafield>
      <datafield ind1='9' ind2='2' tag='999'>
        <subfield code='a'>c4807370</subfield>
        <subfield code='b'>wcda</subfield>
        <subfield code='c'>0</subfield>
      </datafield>
      <datafield ind1='9' ind2='3' tag='999'>
        <subfield code='0'>c4807370</subfield>
        <subfield code='2'>852</subfield>
        <subfield code='3'>c</subfield>
        <subfield code='h'>PQ4315.58</subfield>
        <subfield code='i'>.R7 1896</subfield>
      </datafield>
      <datafield ind1='9' ind2='3' tag='999'>
        <subfield code='0'>c4807370</subfield>
        <subfield code='2'>852</subfield>
        <subfield code='3'>h</subfield>
        <subfield code='t'>c. 1</subfield>
        <subfield code='z'>RBC: Bound in ivory paper; yapp fore-edges; deckle edges; notations and markings throughout.</subfield>
      </datafield>
      <datafield ind1='0' ind2='0' tag='999'>
        <subfield code='a'>2009-12-29 00:00:00-05</subfield>
        <subfield code='c'>2007-09-21 09:45:00-04</subfield>
        <subfield code='u'>2016-05-02 15:51:38-04</subfield>
      </datafield>
  </record>