
  <record>
    <leader>00000cgm a2201285Ia 4500</leader>
      <controlfield tag='008'>061212p20061931cau308            vleng d</controlfield>
      <controlfield tag='007'>vd bvaizm</controlfield>
      <controlfield tag='001'>76951744</controlfield>
      <controlfield tag='003'>OCoLC</controlfield>
      <controlfield tag='005'>20080401040546.0</controlfield>
      <datafield ind1=' ' ind2=' ' tag='020'>
        <subfield code='a'>1419826387</subfield>
      </datafield>
      <datafield ind1=' ' ind2=' ' tag='020'>
        <subfield code='a'>9781419826382</subfield>
      </datafield>
      <datafield ind1='4' ind2='2' tag='028'>
        <subfield code='a'>67964</subfield>
        <subfield code='b'>Warner Home Video</subfield>
      </datafield>
      <datafield ind1=' ' ind2=' ' tag='035'>
        <subfield code='a'>(OCoLC)76951744</subfield>
      </datafield>
      <datafield ind1=' ' ind2=' ' tag='040'>
        <subfield code='a'>LVC</subfield>
        <subfield code='c'>LVC</subfield>
        <subfield code='d'>MBB</subfield>
        <subfield code='d'>EMU</subfield>
        <subfield code='d'>WAU</subfield>
        <subfield code='d'>RCS</subfield>
        <subfield code='d'>VP@</subfield>
        <subfield code='d'>Q2Z</subfield>
        <subfield code='d'>OCLCQ</subfield>
        <subfield code='d'>NOC</subfield>
      </datafield>
      <datafield ind1='1' ind2=' ' tag='041'>
        <subfield code='a'>eng</subfield>
        <subfield code='b'>eng</subfield>
        <subfield code='b'>fre</subfield>
        <subfield code='b'>spa</subfield>
        <subfield code='h'>eng</subfield>
      </datafield>
      <datafield ind1=' ' ind2=' ' tag='043'>
        <subfield code='a'>e-uk---</subfield>
        <subfield code='a'>e-uk-en</subfield>
      </datafield>
      <datafield ind1=' ' ind2=' ' tag='049'>
        <subfield code='a'>[Digital][Video][Disc]NOC3</subfield>
      </datafield>
      <datafield ind1='1' ind2='4' tag='050'>
        <subfield code='a'>PN1997.A1</subfield>
        <subfield code='b'>F67 2006</subfield>
      </datafield>
      <datafield ind1='0' ind2='0' tag='245'>
        <subfield code='a'>Forbidden Hollywood collection.</subfield>
        <subfield code='n'>Vol. 1</subfield>
        <subfield code='h'>[videorecording].</subfield>
      </datafield>
      <datafield ind1=' ' ind2=' ' tag='260'>
        <subfield code='a'>Burbank, CA :</subfield>
        <subfield code='b'>Turner Entertainment :</subfield>
        <subfield code='b'>Distributed by Warner Home Video,</subfield>
        <subfield code='c'>c2006.</subfield>
      </datafield>
      <datafield ind1=' ' ind2=' ' tag='300'>
        <subfield code='a'>2 videodiscs (308 min.) :</subfield>
        <subfield code='b'>sd., b&amp;w ;</subfield>
        <subfield code='c'>4 3/4 in.</subfield>
      </datafield>
      <datafield ind1=' ' ind2=' ' tag='500'>
        <subfield code='a'>Originally produced or released in 1933.</subfield>
      </datafield>
      <datafield ind1=' ' ind2=' ' tag='500'>
        <subfield code='a'>Run time: approx. 308 min.</subfield>
      </datafield>
      <datafield ind1=' ' ind2=' ' tag='500'>
        <subfield code='a'>Collective title from container.</subfield>
      </datafield>
      <datafield ind1=' ' ind2=' ' tag='500'>
        <subfield code='a'>Red-headed woman from the book by Katharine Brush ; Waterloo Bridge from the stage play by Robert E. Sherwood.</subfield>
      </datafield>
      <datafield ind1=' ' ind2=' ' tag='500'>
        <subfield code='a'>Container and disc labels list disc 1 as Red-headed woman and Waterloo Bridge, and disc 2 as Baby face. Films are reversed on actual discs.</subfield>
      </datafield>
      <datafield ind1=' ' ind2=' ' tag='500'>
        <subfield code='a'>Some production credits taken from other sources.</subfield>
      </datafield>
      <datafield ind1=' ' ind2=' ' tag='500'>
        <subfield code='a'>Special features: new introduction by Robert Osborne ; &apos;Baby Face&apos; theatrical trailer.</subfield>
      </datafield>
      <datafield ind1='0' ind2=' ' tag='505'>
        <subfield code='a'>Disc one. Baby face [prerelease version] / Warner Bros. Pictures, Inc. &amp; the Vitaphone Corp. present ; directed by Alfred E. Green ; screen play by Gene Markey &amp; Kathryn Scola ; story by Mark Canfield ; [produced by William LeBaron, Raymond Griffith] (1933, 76 min) ; Baby face [original theatrical release] / Warner Bros. Pictures, Inc. &amp; the Vitaphone Corp. present ; directed by Alfred E. Green ; screen play by Gene Markey &amp; Kathryn Scola ; story by Mark Canfield (1933, 72 min) -- Disc two. Red-headed woman / Metro-Goldwyn-Mayer presents ; directed by Jack Conway ; from the book by Katharine Brush ; screen play by Anita Loos ; [produced by Albert Lewin, Irving Thalberg ; additional writing by F. Scott Fitzgerald] (1932, 79 min.) -- Waterloo bridge / Carl Laemmle presents ; produced by Carl Laemmle, Jr. ; Universal Pictures Corp. ; from the stage play by Robert E. Sherwood ; adaptation and added dialogue, Benn Levy ; screen play, Tom Reed ; directed by James Whale (1931, 81 min.).</subfield>
      </datafield>
      <datafield ind1=' ' ind2=' ' tag='508'>
        <subfield code='a'>Baby face: editing, Howard Bretherton ; photography, James Van Trees.</subfield>
      </datafield>
      <datafield ind1=' ' ind2=' ' tag='508'>
        <subfield code='a'>Red-headed woman: photography, Harold Rosson ; editing, Blanche Sewell.</subfield>
      </datafield>
      <datafield ind1=' ' ind2=' ' tag='508'>
        <subfield code='a'>Waterloo Bridge: cinematographer, Arthur Edeson ; editor, Clarence Kolster, Maurice Pivar ; music, Val Burton.</subfield>
      </datafield>
      <datafield ind1='1' ind2=' ' tag='511'>
        <subfield code='a'>Baby face: Barbara Stanwyck, George Brent, Donald Cook, Alphonse Ethier, Henry Kolker, Theresa Harris, Margaret Lindsay.</subfield>
      </datafield>
      <datafield ind1='1' ind2=' ' tag='511'>
        <subfield code='a'>Red-headed woman: Jean Harlow, Chester Morris, Lewis Stone, Leila Hyams, Una Merkel.</subfield>
      </datafield>
      <datafield ind1='1' ind2=' ' tag='511'>
        <subfield code='a'>Waterloo Bridge: Mae Clarke, Douglass Montgomery, Kent Douglass [Douglass Montgomery], Doris Lloyd, Bette Davis, Enid Bennett.</subfield>
      </datafield>
      <datafield ind1=' ' ind2=' ' tag='520'>
        <subfield code='a'>In the early 1930s, before Hollywood began enforcing a self-imposed Production Code, many films allowed for extraordinary frankness including nudity, adultery, and prostitution. In this restored and re-mastered three-movie collection, three daring young actresses are featured in racy, riveting star vehicles. Saucy Jean Harlow shrewdly vamps unwitting executives to get what she wants in Red-Headed Woman (1932; Disc 1), scripted by Anita Loos (Gentlemen Prefer Blondes). James Whale (Frankenstein) directs Waterloo Bridge (1931, Disc 1), starring Mae Clarke in the gritty first film version of the acclaimed wartime romance. Added to the National Film Registry in 2005, Baby Face (1933, Disc 2) stars Barbara Stanwyck as an amoral beauty who sleeps her way to the top. This collection boasts both the Original Theatrical Release and a Prerelease Version, recently discovered and restored by the Library of Congress, before the censors of the day demanded the elimination of several scenes.</subfield>
      </datafield>
      <datafield ind1=' ' ind2=' ' tag='538'>
        <subfield code='a'>DVD, region 1, standard version; Dolby  Digital mono.; dual-layer format.</subfield>
      </datafield>
      <datafield ind1=' ' ind2=' ' tag='546'>
        <subfield code='a'>Closed-captioned. In English; with optional English, French &amp; Spanish subtitles (original theatrical release Baby face, English only).</subfield>
      </datafield>
      <datafield ind1='1' ind2='0' tag='600'>
        <subfield code='a'>Brush, Katharine,</subfield>
        <subfield code='d'>1902-1952</subfield>
        <subfield code='v'>Film adaptations.</subfield>
      </datafield>
      <datafield ind1='1' ind2='0' tag='600'>
        <subfield code='a'>Sherwood, Robert E.</subfield>
        <subfield code='q'>(Robert Emmet),</subfield>
        <subfield code='d'>1896-1955</subfield>
        <subfield code='v'>Film adaptations.</subfield>
      </datafield>
      <datafield ind1=' ' ind2='0' tag='650'>
        <subfield code='a'>Man-woman relationships</subfield>
        <subfield code='v'>Drama.</subfield>
      </datafield>
      <datafield ind1=' ' ind2='0' tag='650'>
        <subfield code='a'>Adultery</subfield>
        <subfield code='v'>Drama.</subfield>
      </datafield>
      <datafield ind1=' ' ind2='0' tag='650'>
        <subfield code='a'>Ambition</subfield>
        <subfield code='v'>Drama.</subfield>
      </datafield>
      <datafield ind1=' ' ind2='0' tag='650'>
        <subfield code='a'>Prostitutes</subfield>
        <subfield code='z'>England</subfield>
        <subfield code='z'>London.</subfield>
      </datafield>
      <datafield ind1=' ' ind2='0' tag='650'>
        <subfield code='a'>World War, 1914-1918</subfield>
        <subfield code='z'>Great Britain</subfield>
        <subfield code='v'>Drama.</subfield>
      </datafield>
      <datafield ind1=' ' ind2='0' tag='650'>
        <subfield code='a'>Motion pictures</subfield>
        <subfield code='x'>Censorship.</subfield>
      </datafield>
      <datafield ind1=' ' ind2='0' tag='650'>
        <subfield code='a'>Sex in motion pictures.</subfield>
      </datafield>
      <datafield ind1=' ' ind2='7' tag='655'>
        <subfield code='a'>Feature films.</subfield>
        <subfield code='2'>lcgft</subfield>
      </datafield>
      <datafield ind1=' ' ind2='7' tag='655'>
        <subfield code='a'>War films.</subfield>
        <subfield code='2'>lcgft</subfield>
      </datafield>
      <datafield ind1=' ' ind2='7' tag='655'>
        <subfield code='a'>Films for the hearing impaired.</subfield>
        <subfield code='2'>lcgft</subfield>
      </datafield>
      <datafield ind1=' ' ind2=' ' tag='691'>
        <subfield code='a'>USA.</subfield>
      </datafield>
      <datafield ind1='1' ind2=' ' tag='700'>
        <subfield code='a'>Green, Alfred E.,</subfield>
        <subfield code='d'>1889-1960.</subfield>
      </datafield>
      <datafield ind1='1' ind2=' ' tag='700'>
        <subfield code='a'>Markey, Gene,</subfield>
        <subfield code='d'>1895-1980.</subfield>
      </datafield>
      <datafield ind1='1' ind2=' ' tag='700'>
        <subfield code='a'>Scola, Kathryn.</subfield>
      </datafield>
      <datafield ind1='1' ind2=' ' tag='700'>
        <subfield code='a'>Canfield, Mark,</subfield>
        <subfield code='d'>1902-1979.</subfield>
      </datafield>
      <datafield ind1='1' ind2=' ' tag='700'>
        <subfield code='a'>LeBaron, William,</subfield>
        <subfield code='d'>1883-1958.</subfield>
      </datafield>
      <datafield ind1='1' ind2=' ' tag='700'>
        <subfield code='a'>Griffith, Raymond,</subfield>
        <subfield code='d'>-1957.</subfield>
      </datafield>
      <datafield ind1='1' ind2=' ' tag='700'>
        <subfield code='a'>Stanwyck, Barbara,</subfield>
        <subfield code='d'>1907-1990.</subfield>
      </datafield>
      <datafield ind1='1' ind2=' ' tag='700'>
        <subfield code='a'>Brent, George,</subfield>
        <subfield code='d'>1904-1979.</subfield>
      </datafield>
      <datafield ind1='1' ind2=' ' tag='700'>
        <subfield code='a'>Cook, Donald,</subfield>
        <subfield code='d'>1901-1961.</subfield>
      </datafield>
      <datafield ind1='1' ind2=' ' tag='700'>
        <subfield code='a'>Ethier, Alphonse,</subfield>
        <subfield code='d'>1874-1943.</subfield>
      </datafield>
      <datafield ind1='1' ind2=' ' tag='700'>
        <subfield code='a'>Kolker, Henry,</subfield>
        <subfield code='d'>1874-1947.</subfield>
      </datafield>
      <datafield ind1='1' ind2=' ' tag='700'>
        <subfield code='a'>Harris, Theresa.</subfield>
      </datafield>
      <datafield ind1='1' ind2=' ' tag='700'>
        <subfield code='a'>Lindsay, Margaret,</subfield>
        <subfield code='d'>1910-1981.</subfield>
      </datafield>
      <datafield ind1='1' ind2=' ' tag='700'>
        <subfield code='a'>Bretherton, Howard,</subfield>
        <subfield code='d'>1890-1969.</subfield>
      </datafield>
      <datafield ind1='1' ind2=' ' tag='700'>
        <subfield code='a'>Van Trees, James.</subfield>
      </datafield>
      <datafield ind1='1' ind2=' ' tag='700'>
        <subfield code='a'>Conway, Jack,</subfield>
        <subfield code='d'>1887-1952.</subfield>
      </datafield>
      <datafield ind1='1' ind2=' ' tag='700'>
        <subfield code='a'>Loos, Anita,</subfield>
        <subfield code='d'>1893-1981.</subfield>
      </datafield>
      <datafield ind1='1' ind2=' ' tag='700'>
        <subfield code='a'>Lewin, Albert,</subfield>
        <subfield code='d'>1894-1968.</subfield>
      </datafield>
      <datafield ind1='1' ind2=' ' tag='700'>
        <subfield code='a'>Thalberg, Irving G.,</subfield>
        <subfield code='d'>1899-1936.</subfield>
      </datafield>
      <datafield ind1='1' ind2=' ' tag='700'>
        <subfield code='a'>Fitzgerald, F. Scott</subfield>
        <subfield code='q'>(Francis Scott),</subfield>
        <subfield code='d'>1896-1940.</subfield>
      </datafield>
      <datafield ind1='1' ind2=' ' tag='700'>
        <subfield code='a'>Harlow, Jean,</subfield>
        <subfield code='d'>1911-1937.</subfield>
      </datafield>
      <datafield ind1='1' ind2=' ' tag='700'>
        <subfield code='a'>Morris, Chester.</subfield>
      </datafield>
      <datafield ind1='1' ind2=' ' tag='700'>
        <subfield code='a'>Stone, Lewis,</subfield>
        <subfield code='d'>1879-1953.</subfield>
      </datafield>
      <datafield ind1='1' ind2=' ' tag='700'>
        <subfield code='a'>Hyams, Leila,</subfield>
        <subfield code='d'>1905-1977.</subfield>
      </datafield>
      <datafield ind1='1' ind2=' ' tag='700'>
        <subfield code='a'>Merkel, Una,</subfield>
        <subfield code='d'>1903-1986.</subfield>
      </datafield>
      <datafield ind1='1' ind2=' ' tag='700'>
        <subfield code='a'>Rosson, Harold,</subfield>
        <subfield code='d'>1895-1988.</subfield>
      </datafield>
      <datafield ind1='1' ind2=' ' tag='700'>
        <subfield code='a'>Sewell, Blanche.</subfield>
      </datafield>
      <datafield ind1='1' ind2=' ' tag='700'>
        <subfield code='a'>Laemmle, Carl,</subfield>
        <subfield code='d'>1908-1979.</subfield>
      </datafield>
      <datafield ind1='1' ind2=' ' tag='700'>
        <subfield code='a'>Whale, James,</subfield>
        <subfield code='d'>-1957.</subfield>
      </datafield>
      <datafield ind1='1' ind2=' ' tag='700'>
        <subfield code='a'>Levy, Benn W.</subfield>
        <subfield code='q'>(Benn Wolfe),</subfield>
        <subfield code='d'>1900-1973.</subfield>
      </datafield>
      <datafield ind1='1' ind2=' ' tag='700'>
        <subfield code='a'>Reed, Tom,</subfield>
        <subfield code='d'>1901-1961.</subfield>
      </datafield>
      <datafield ind1='1' ind2=' ' tag='700'>
        <subfield code='a'>Clarke, Mae.</subfield>
      </datafield>
      <datafield ind1='1' ind2=' ' tag='700'>
        <subfield code='a'>Montgomery, Douglass,</subfield>
        <subfield code='d'>1907-1966.</subfield>
      </datafield>
      <datafield ind1='1' ind2=' ' tag='700'>
        <subfield code='a'>Lloyd, Doris,</subfield>
        <subfield code='d'>1896-1968.</subfield>
      </datafield>
      <datafield ind1='1' ind2=' ' tag='700'>
        <subfield code='a'>Davis, Bette,</subfield>
        <subfield code='d'>1908-1989.</subfield>
      </datafield>
      <datafield ind1='1' ind2=' ' tag='700'>
        <subfield code='a'>Bennett, Enid,</subfield>
        <subfield code='d'>1893-1969.</subfield>
      </datafield>
      <datafield ind1='1' ind2=' ' tag='700'>
        <subfield code='a'>Kerr, Frederick,</subfield>
        <subfield code='d'>1858-1933.</subfield>
      </datafield>
      <datafield ind1='1' ind2=' ' tag='700'>
        <subfield code='a'>Edeson, Arthur,</subfield>
        <subfield code='d'>1891-1970.</subfield>
      </datafield>
      <datafield ind1='1' ind2=' ' tag='700'>
        <subfield code='a'>Kolster, Clarence.</subfield>
      </datafield>
      <datafield ind1='1' ind2=' ' tag='700'>
        <subfield code='a'>Pivar, Maurice,</subfield>
        <subfield code='d'>1896-1982.</subfield>
      </datafield>
      <datafield ind1='1' ind2=' ' tag='700'>
        <subfield code='a'>Burton, Val,</subfield>
        <subfield code='d'>1900-1981.</subfield>
      </datafield>
      <datafield ind1='1' ind2=' ' tag='700'>
        <subfield code='a'>Brush, Katharine,</subfield>
        <subfield code='d'>1902-1952.</subfield>
        <subfield code='t'>Red-headed woman.</subfield>
      </datafield>
      <datafield ind1='1' ind2=' ' tag='700'>
        <subfield code='a'>Sherwood, Robert E.</subfield>
        <subfield code='q'>(Robert Emmet),</subfield>
        <subfield code='d'>1896-1955.</subfield>
        <subfield code='t'>Waterloo Bridge.</subfield>
      </datafield>
      <datafield ind1='2' ind2=' ' tag='710'>
        <subfield code='a'>Warner Bros. Pictures (1923-1967)</subfield>
      </datafield>
      <datafield ind1='2' ind2=' ' tag='710'>
        <subfield code='a'>Vitaphone Corp.</subfield>
      </datafield>
      <datafield ind1='2' ind2=' ' tag='710'>
        <subfield code='a'>Metro-Goldwyn-Mayer.</subfield>
      </datafield>
      <datafield ind1='2' ind2=' ' tag='710'>
        <subfield code='a'>Universal Pictures Corporation.</subfield>
      </datafield>
      <datafield ind1='2' ind2=' ' tag='710'>
        <subfield code='a'>Turner Entertainment Co.</subfield>
      </datafield>
      <datafield ind1='0' ind2='2' tag='730'>
        <subfield code='a'>Waterloo Bridge (Motion picture : 1931)</subfield>
      </datafield>
      <datafield ind1='0' ind2=' ' tag='730'>
        <subfield code='a'>TCM archives (Series)</subfield>
      </datafield>
      <datafield ind1='0' ind2='2' tag='740'>
        <subfield code='a'>Baby face.</subfield>
      </datafield>
      <datafield ind1='0' ind2='2' tag='740'>
        <subfield code='a'>Red-headed woman.</subfield>
      </datafield>
      <datafield ind1=' ' ind2=' ' tag='907'>
        <subfield code='a'>b5311776</subfield>
      </datafield>
      <datafield ind1='9' ind2='1' tag='999'>
        <subfield code='i'>i7297535</subfield>
        <subfield code='l'>uldal</subfield>
        <subfield code='s'>o</subfield>
        <subfield code='t'>60</subfield>
        <subfield code='c'>1</subfield>
        <subfield code='o'>5</subfield>
        <subfield code='b'>00030515648</subfield>
        <subfield code='p'>099#9</subfield>
        <subfield code='q'>|a65-DVD5454</subfield>
        <subfield code='v'>pt.1</subfield>
      </datafield>
      <datafield ind1='9' ind2='1' tag='999'>
        <subfield code='i'>i7297536</subfield>
        <subfield code='l'>uldal</subfield>
        <subfield code='s'>o</subfield>
        <subfield code='t'>60</subfield>
        <subfield code='c'>1</subfield>
        <subfield code='o'>5</subfield>
        <subfield code='b'>00030515639</subfield>
        <subfield code='p'>099#9</subfield>
        <subfield code='q'>|a65-DVD5454</subfield>
        <subfield code='v'>pt.2</subfield>
      </datafield>
      <datafield ind1='0' ind2='0' tag='999'>
        <subfield code='a'>2008-04-01 00:00:00-04</subfield>
        <subfield code='c'>2007-12-06 13:21:00-05</subfield>
        <subfield code='u'>2018-03-26 11:28:09-04</subfield>
      </datafield>
  </record>