
  <record>
    <leader>00000cam  2200385Ia 4500</leader>
      <controlfield tag='008'>080722s2008    gw            001 0 lat d</controlfield>
      <controlfield tag='001'>234755921</controlfield>
      <controlfield tag='003'>OCoLC</controlfield>
      <controlfield tag='005'>20081009020934.0</controlfield>
      <datafield ind1=' ' ind2=' ' tag='020'>
        <subfield code='a'>9783775202220</subfield>
      </datafield>
      <datafield ind1=' ' ind2=' ' tag='020'>
        <subfield code='a'>3775202226</subfield>
      </datafield>
      <datafield ind1=' ' ind2=' ' tag='035'>
        <subfield code='a'>(OCoLC)234755921</subfield>
      </datafield>
      <datafield ind1=' ' ind2=' ' tag='040'>
        <subfield code='a'>CUY</subfield>
        <subfield code='b'>eng</subfield>
        <subfield code='c'>CUY</subfield>
        <subfield code='d'>IXA</subfield>
        <subfield code='d'>NOC</subfield>
      </datafield>
      <datafield ind1='0' ind2=' ' tag='041'>
        <subfield code='a'>ger</subfield>
        <subfield code='a'>lat</subfield>
      </datafield>
      <datafield ind1=' ' ind2=' ' tag='043'>
        <subfield code='a'>e-gx---</subfield>
      </datafield>
      <datafield ind1=' ' ind2=' ' tag='049'>
        <subfield code='a'>NOCC</subfield>
      </datafield>
      <datafield ind1=' ' ind2='4' tag='050'>
        <subfield code='a'>BX1538.P3</subfield>
        <subfield code='b'>E24 2008</subfield>
      </datafield>
      <datafield ind1='1' ind2=' ' tag='100'>
        <subfield code='a'>Ebendorfer, Thomas,</subfield>
        <subfield code='d'>1388-1464.</subfield>
      </datafield>
      <datafield ind1='1' ind2='0' tag='245'>
        <subfield code='a'>Catalogus praesulum Laureacensium et Pataviensium /</subfield>
        <subfield code='c'>Thomas Ebendorfer ; nach Vorarbeiten von Paul Uiblein ; herausgegeben von Harald Zimmermann.</subfield>
      </datafield>
      <datafield ind1='3' ind2=' ' tag='246'>
        <subfield code='a'>Thomas Ebendorfer, Catalogus praesulum Laureacensium et Pataviensium</subfield>
      </datafield>
      <datafield ind1=' ' ind2=' ' tag='260'>
        <subfield code='a'>Hannover :</subfield>
        <subfield code='b'>Hahnsche Buchhandlung,</subfield>
        <subfield code='c'>2008.</subfield>
      </datafield>
      <datafield ind1=' ' ind2=' ' tag='300'>
        <subfield code='a'>lxxi, 330 p. ;</subfield>
        <subfield code='c'>23 cm.</subfield>
      </datafield>
      <datafield ind1=' ' ind2=' ' tag='500'>
        <subfield code='a'>Includes index.</subfield>
      </datafield>
      <datafield ind1=' ' ind2=' ' tag='546'>
        <subfield code='3'>Text</subfield>
        <subfield code='a'>Latin</subfield>
      </datafield>
      <datafield ind1=' ' ind2=' ' tag='546'>
        <subfield code='3'>Introduction and notes</subfield>
        <subfield code='a'>German</subfield>
      </datafield>
      <datafield ind1='2' ind2='0' tag='610'>
        <subfield code='a'>Catholic Church.</subfield>
        <subfield code='b'>Diocese of Passau (Germany)</subfield>
        <subfield code='x'>History.</subfield>
      </datafield>
      <datafield ind1=' ' ind2='0' tag='651'>
        <subfield code='a'>Passau (Germany)</subfield>
        <subfield code='x'>Church history.</subfield>
      </datafield>
      <datafield ind1='1' ind2=' ' tag='700'>
        <subfield code='a'>Uiblein, Paul.</subfield>
      </datafield>
      <datafield ind1='1' ind2=' ' tag='700'>
        <subfield code='a'>Zimmermann, Harald,</subfield>
        <subfield code='d'>1926-</subfield>
      </datafield>
      <datafield ind1=' ' ind2='0' tag='830'>
        <subfield code='a'>Monumenta Germaniae historica.</subfield>
        <subfield code='p'>Scriptores rerum Germanicarum.</subfield>
        <subfield code='p'>Nova series ;</subfield>
        <subfield code='v'>22.</subfield>
      </datafield>
      <datafield ind1=' ' ind2=' ' tag='907'>
        <subfield code='a'>b5753246</subfield>
      </datafield>
      <datafield ind1='9' ind2='1' tag='999'>
        <subfield code='i'>i7548568</subfield>
        <subfield code='l'>ddda</subfield>
        <subfield code='s'>-</subfield>
        <subfield code='t'>0</subfield>
        <subfield code='c'>1</subfield>
        <subfield code='o'>0</subfield>
        <subfield code='b'>00032177714</subfield>
        <subfield code='p'>050#4</subfield>
        <subfield code='q'>|aBX1538.P3|bE24 2008</subfield>
      </datafield>
      <datafield ind1='0' ind2='0' tag='999'>
        <subfield code='a'>2008-10-09 00:00:00-04</subfield>
        <subfield code='c'>2008-10-09 14:38:15-04</subfield>
        <subfield code='u'>2017-11-15 15:26:05-05</subfield>
      </datafield>
  </record>