
  <record>
    <leader>00000pam a2200313 a 4500</leader>
      <controlfield tag='008'>080619s2008    nyub   j      000 1 eng d</controlfield>
      <controlfield tag='001'>08171019 </controlfield>
      <controlfield tag='003'>PWmBRO</controlfield>
      <controlfield tag='005'>20080916125937.0</controlfield>
      <datafield ind1=' ' ind2=' ' tag='020'>
        <subfield code='a'>0375826726 :</subfield>
        <subfield code='c'>$27.50</subfield>
      </datafield>
      <datafield ind1=' ' ind2='4' tag='050'>
        <subfield code='a'>PZ7.P19535</subfield>
        <subfield code='b'>Bri 2008</subfield>
      </datafield>
      <datafield ind1='0' ind2='4' tag='082'>
        <subfield code='a'>[Fic]</subfield>
        <subfield code='2'>22</subfield>
      </datafield>
      <datafield ind1='1' ind2=' ' tag='100'>
        <subfield code='a'>Paolini, Christopher.</subfield>
      </datafield>
      <datafield ind1='1' ind2='0' tag='245'>
        <subfield code='a'>Brisingr, or, The seven promises of Eragon Shadeslayer and Saphira Bjartskular /</subfield>
        <subfield code='c'>Christopher Paolini.</subfield>
      </datafield>
      <datafield ind1=' ' ind2=' ' tag='260'>
        <subfield code='a'>New York :</subfield>
        <subfield code='b'>Knopf,</subfield>
        <subfield code='c'>c2008.</subfield>
      </datafield>
      <datafield ind1=' ' ind2=' ' tag='300'>
        <subfield code='a'>xix, 763 p. :</subfield>
        <subfield code='b'>map ;</subfield>
        <subfield code='c'>24 cm.</subfield>
      </datafield>
      <datafield ind1='4' ind2=' ' tag='510'>
        <subfield code='a'>BookPage,</subfield>
        <subfield code='c'>September 01, 2008</subfield>
      </datafield>
      <datafield ind1=' ' ind2=' ' tag='520'>
        <subfield code='a'>The further adventures of Eragon and his dragon Saphira as they continue to aid the Varden in the struggle against the evil king, Galbatorix.</subfield>
      </datafield>
      <datafield ind1='1' ind2=' ' tag='521'>
        <subfield code='a'>12-19.</subfield>
        <subfield code='b'>Brodart</subfield>
      </datafield>
      <datafield ind1='2' ind2=' ' tag='521'>
        <subfield code='a'>7-12.</subfield>
        <subfield code='b'>Brodart</subfield>
      </datafield>
      <datafield ind1='1' ind2=' ' tag='800'>
        <subfield code='a'>Paolini, Christopher.</subfield>
        <subfield code='t'>Inheritance ;</subfield>
        <subfield code='v'>bk. 3.</subfield>
      </datafield>
      <datafield ind1='1' ind2=' ' tag='852'>
        <subfield code='h'>FICTION Pao</subfield>
        <subfield code='p'>3630</subfield>
        <subfield code='9'>p27.50usd</subfield>
      </datafield>
      <datafield ind1='1' ind2=' ' tag='852'>
        <subfield code='h'>FICTION Pao</subfield>
        <subfield code='p'>3631</subfield>
        <subfield code='9'>p27.50usd</subfield>
      </datafield>
      <datafield ind1=' ' ind2=' ' tag='907'>
        <subfield code='a'>b5764837</subfield>
      </datafield>
      <datafield ind1='9' ind2='1' tag='999'>
        <subfield code='i'>i7568649</subfield>
        <subfield code='l'>uadai</subfield>
        <subfield code='s'>-</subfield>
        <subfield code='t'>62</subfield>
        <subfield code='c'>1</subfield>
        <subfield code='o'>30</subfield>
        <subfield code='b'>00024586967</subfield>
        <subfield code='p'>099#9</subfield>
        <subfield code='q'>|aFICTION Pao</subfield>
      </datafield>
      <datafield ind1='0' ind2='0' tag='999'>
        <subfield code='a'>2011-06-30 00:00:00-04</subfield>
        <subfield code='c'>2008-10-31 15:04:00-04</subfield>
        <subfield code='u'>2016-05-04 12:46:51-04</subfield>
      </datafield>
  </record>