
  <record>
    <leader>00000npc  2200409Ia 4500</leader>
      <controlfield tag='008'>100625i18711882stk                 eng d</controlfield>
      <controlfield tag='001'>643564358</controlfield>
      <controlfield tag='003'>OCoLC</controlfield>
      <controlfield tag='005'>20100625013643.0</controlfield>
      <datafield ind1=' ' ind2=' ' tag='035'>
        <subfield code='a'>(OCoLC)643564358</subfield>
      </datafield>
      <datafield ind1=' ' ind2=' ' tag='040'>
        <subfield code='a'>NOC</subfield>
        <subfield code='b'>eng</subfield>
        <subfield code='c'>NOC</subfield>
      </datafield>
      <datafield ind1=' ' ind2=' ' tag='049'>
        <subfield code='a'>NOCR</subfield>
      </datafield>
      <datafield ind1='2' ind2=' ' tag='110'>
        <subfield code='a'>Hunterian Club.</subfield>
      </datafield>
      <datafield ind1='1' ind2='0' tag='245'>
        <subfield code='a'>Notices and letters.</subfield>
      </datafield>
      <datafield ind1=' ' ind2=' ' tag='260'>
        <subfield code='c'>1871-1882</subfield>
      </datafield>
      <datafield ind1=' ' ind2=' ' tag='300'>
        <subfield code='a'>1 folder (59 items) :</subfield>
        <subfield code='b'>ill. ;</subfield>
        <subfield code='c'>26 cm.</subfield>
      </datafield>
      <datafield ind1=' ' ind2=' ' tag='351'>
        <subfield code='3'>Publications and correspondence</subfield>
        <subfield code='a'>Organized into two groups: Publications. Correspondence.</subfield>
        <subfield code='b'>Chronological arrangement within group.</subfield>
      </datafield>
      <datafield ind1=' ' ind2=' ' tag='500'>
        <subfield code='a'>The Hunterian Club was located in Glasgow and their publications emanate from there.</subfield>
      </datafield>
      <datafield ind1='0' ind2=' ' tag='505'>
        <subfield code='a'>3 engraved plates for Patrick Hannay&apos;s Poetical works, published by the Club in 1875 -- The Hunterian Club, 1870 -- The Hunterian Club: revised prospectus, 1871 -- Hunterian club, 1871-1872 -- Hunterian Club, marked &quot;Proof&quot; and listing publications for the first and second years -- Hunterian Club, Dec. 1873 -- Hunterian Club, listing the first issue for the 3rd year, 1875 -- Hunterian Club, 1876 -- Hunterian Club. Annual report, 1st, 3rd-4th -- Lists of Lodge&apos;s Tracts --  Group of correspondence, mostly from Alexander Smith to S. Christie- Miller and W. Christie-Miller; also includes correspondence of John Alexander and S. Christie-Miller and David Laing.</subfield>
      </datafield>
      <datafield ind1='1' ind2='0' tag='600'>
        <subfield code='a'>Laing, David,</subfield>
        <subfield code='d'>1793-1878</subfield>
        <subfield code='v'>Correspondence.</subfield>
      </datafield>
      <datafield ind1='1' ind2='0' tag='600'>
        <subfield code='a'>Christie-Miller, Samuel,</subfield>
        <subfield code='d'>1811-1889</subfield>
        <subfield code='v'>Correspondence.</subfield>
      </datafield>
      <datafield ind1='1' ind2='0' tag='600'>
        <subfield code='a'>Christie-Miller, W.</subfield>
        <subfield code='q'>(Wakefield),</subfield>
        <subfield code='d'>1835-1898</subfield>
        <subfield code='v'>Correspondence.</subfield>
      </datafield>
      <datafield ind1='1' ind2='0' tag='600'>
        <subfield code='a'>Smith, Alexander</subfield>
        <subfield code='v'>Correspondence.</subfield>
      </datafield>
      <datafield ind1='1' ind2='0' tag='600'>
        <subfield code='a'>Alexander, John</subfield>
        <subfield code='v'>Correspondence.</subfield>
      </datafield>
      <datafield ind1='1' ind2='2' tag='700'>
        <subfield code='a'>Laing, David,</subfield>
        <subfield code='d'>1793-1878.</subfield>
      </datafield>
      <datafield ind1='1' ind2='2' tag='700'>
        <subfield code='a'>Christie-Miller, Samuel,</subfield>
        <subfield code='d'>1811-1889.</subfield>
      </datafield>
      <datafield ind1='1' ind2='2' tag='700'>
        <subfield code='a'>Christie-Miller, W.</subfield>
        <subfield code='q'>(Wakefield),</subfield>
        <subfield code='d'>1835-1898.</subfield>
      </datafield>
      <datafield ind1='1' ind2='2' tag='700'>
        <subfield code='a'>Smith, Alexander.</subfield>
      </datafield>
      <datafield ind1='1' ind2='2' tag='700'>
        <subfield code='a'>Alexander, John.</subfield>
      </datafield>
      <datafield ind1='1' ind2='2' tag='700'>
        <subfield code='a'>Hannay, Patrick,</subfield>
        <subfield code='d'>-1629?</subfield>
        <subfield code='t'>Poetical works of Patrick Hannay.</subfield>
        <subfield code='k'>Selections.</subfield>
      </datafield>
      <datafield ind1='2' ind2=' ' tag='710'>
        <subfield code='a'>Hunterian Club.</subfield>
        <subfield code='t'>Annual report.</subfield>
      </datafield>
      <datafield ind1='0' ind2=' ' tag='740'>
        <subfield code='a'>Hunterian Club.</subfield>
      </datafield>
      <datafield ind1=' ' ind2=' ' tag='907'>
        <subfield code='a'>b6351954</subfield>
      </datafield>
      <datafield ind1='9' ind2='1' tag='999'>
        <subfield code='i'>i8319892</subfield>
        <subfield code='l'>wcda</subfield>
        <subfield code='s'>o</subfield>
        <subfield code='t'>0</subfield>
        <subfield code='c'>1</subfield>
        <subfield code='o'>0</subfield>
        <subfield code='b'>00037818228</subfield>
        <subfield code='p'>090##</subfield>
        <subfield code='q'>|aPN22|b.H78</subfield>
      </datafield>
      <datafield ind1='9' ind2='2' tag='999'>
        <subfield code='a'>c4831047</subfield>
        <subfield code='b'>wcda</subfield>
        <subfield code='c'>0</subfield>
      </datafield>
      <datafield ind1='9' ind2='3' tag='999'>
        <subfield code='0'>c4831047</subfield>
        <subfield code='2'>852</subfield>
        <subfield code='3'>c</subfield>
        <subfield code='h'>PN22</subfield>
        <subfield code='i'>.H78</subfield>
      </datafield>
      <datafield ind1='9' ind2='3' tag='999'>
        <subfield code='0'>c4831047</subfield>
        <subfield code='2'>852</subfield>
        <subfield code='3'>h</subfield>
        <subfield code='t'>c. 1</subfield>
      </datafield>
      <datafield ind1='0' ind2='0' tag='999'>
        <subfield code='a'>2010-06-25 00:00:00-04</subfield>
        <subfield code='c'>2010-06-25 13:49:55-04</subfield>
        <subfield code='u'>2013-10-29 17:44:54-04</subfield>
      </datafield>
  </record>