
  <record>
    <leader>00000cam a2200481 a 4500</leader>
      <controlfield tag='008'>080225s2008    bcc    j      000 f spa  </controlfield>
      <controlfield tag='001'>212430393</controlfield>
      <controlfield tag='003'>OCoLC</controlfield>
      <controlfield tag='005'>20110429101304.0</controlfield>
      <datafield ind1=' ' ind2=' ' tag='016'>
        <subfield code='a'>20089014960</subfield>
      </datafield>
      <datafield ind1=' ' ind2=' ' tag='019'>
        <subfield code='a'>180756865</subfield>
        <subfield code='a'>302651865</subfield>
      </datafield>
      <datafield ind1=' ' ind2=' ' tag='020'>
        <subfield code='a'>9781551439983</subfield>
      </datafield>
      <datafield ind1=' ' ind2=' ' tag='020'>
        <subfield code='a'>1551439980</subfield>
      </datafield>
      <datafield ind1=' ' ind2=' ' tag='035'>
        <subfield code='a'>(OCoLC)212430393</subfield>
        <subfield code='z'>(OCoLC)180756865</subfield>
        <subfield code='z'>(OCoLC)302651865</subfield>
      </datafield>
      <datafield ind1=' ' ind2=' ' tag='040'>
        <subfield code='a'>NLC</subfield>
        <subfield code='b'>eng</subfield>
        <subfield code='c'>NLC</subfield>
        <subfield code='d'>BTCTA</subfield>
        <subfield code='d'>BAKER</subfield>
        <subfield code='d'>MUS</subfield>
        <subfield code='d'>IF9</subfield>
        <subfield code='d'>LNQ</subfield>
        <subfield code='d'>SFR</subfield>
        <subfield code='d'>YDXCP</subfield>
      </datafield>
      <datafield ind1='1' ind2=' ' tag='041'>
        <subfield code='a'>spa</subfield>
        <subfield code='h'>eng</subfield>
      </datafield>
      <datafield ind1=' ' ind2=' ' tag='049'>
        <subfield code='a'>NOCC</subfield>
      </datafield>
      <datafield ind1=' ' ind2='4' tag='050'>
        <subfield code='a'>PZ7.D4245</subfield>
        <subfield code='b'>Ba8 2008</subfield>
      </datafield>
      <datafield ind1='0' ind2='4' tag='082'>
        <subfield code='a'>jC813/.6</subfield>
        <subfield code='2'>22</subfield>
      </datafield>
      <datafield ind1='1' ind2=' ' tag='100'>
        <subfield code='a'>Denman, K. L.,</subfield>
        <subfield code='d'>1957-</subfield>
      </datafield>
      <datafield ind1='1' ind2='0' tag='240'>
        <subfield code='a'>Battle of the bands.</subfield>
        <subfield code='l'>Spanish</subfield>
      </datafield>
      <datafield ind1='1' ind2='3' tag='245'>
        <subfield code='a'>La guerra de las bandas /</subfield>
        <subfield code='c'>por K.L. Denman ; traducido por Queta Fernández.</subfield>
      </datafield>
      <datafield ind1=' ' ind2=' ' tag='260'>
        <subfield code='a'>Victoria, BC :</subfield>
        <subfield code='b'>Orca Book Publishers,</subfield>
        <subfield code='c'>c2008.</subfield>
      </datafield>
      <datafield ind1=' ' ind2=' ' tag='300'>
        <subfield code='a'>107 p. ;</subfield>
        <subfield code='c'>18 cm.</subfield>
      </datafield>
      <datafield ind1=' ' ind2=' ' tag='500'>
        <subfield code='a'>Translation of: Battle of the bands.</subfield>
      </datafield>
      <datafield ind1=' ' ind2=' ' tag='520'>
        <subfield code='a'>&quot;When I pick up my guitar and my fingers find the strings, and that first riff comes screaming out of the amp, the only thing that matters is sound.&quot; Jay, Kelvin and Cia are The Lunar Ticks, a dedicated band, convinced they are on their way to the top. They hope to win an upcoming battle of the bands where the first prize is a full day in a recording studio. Jay is struggling to write new material but finds he lacks the experience to come up with a truly original song. Going up against Indigo Daze, a band from another school, Jay finds himself falling for Rowan, the leader of the other band. When Rowan&apos;s guitar is trashed right before the contest, The Lunar Ticks are the prime suspects.</subfield>
      </datafield>
      <datafield ind1=' ' ind2=' ' tag='520'>
        <subfield code='a'>&quot;Cuando agarro mi guitarra y paso mis dedos por las cuerdas y el primer arpegio sale con toda su fuerza por el amplificador, todo desaparece y lo único que importa es la música.&quot; --From publisher&apos;s description.</subfield>
      </datafield>
      <datafield ind1='0' ind2=' ' tag='521'>
        <subfield code='a'>4.5.</subfield>
      </datafield>
      <datafield ind1=' ' ind2=' ' tag='546'>
        <subfield code='a'>Text in Spanish.</subfield>
      </datafield>
      <datafield ind1=' ' ind2=' ' tag='546'>
        <subfield code='a'>Texto en español.</subfield>
      </datafield>
      <datafield ind1=' ' ind2='0' tag='650'>
        <subfield code='a'>Bands (Music)</subfield>
        <subfield code='v'>Juvenile fiction.</subfield>
      </datafield>
      <datafield ind1=' ' ind2='0' tag='650'>
        <subfield code='a'>Contests</subfield>
        <subfield code='v'>Juvenile fiction.</subfield>
      </datafield>
      <datafield ind1='1' ind2=' ' tag='700'>
        <subfield code='a'>Fernández, Queta.</subfield>
      </datafield>
      <datafield ind1=' ' ind2='0' tag='830'>
        <subfield code='a'>Orca soundings.</subfield>
      </datafield>
      <datafield ind1=' ' ind2=' ' tag='907'>
        <subfield code='a'>b6424285</subfield>
      </datafield>
      <datafield ind1='9' ind2='1' tag='999'>
        <subfield code='i'>i8904637</subfield>
        <subfield code='l'>lljd</subfield>
        <subfield code='s'>-</subfield>
        <subfield code='t'>22</subfield>
        <subfield code='c'>1</subfield>
        <subfield code='o'>1</subfield>
        <subfield code='b'>00040974302</subfield>
        <subfield code='p'>099#9</subfield>
        <subfield code='q'>|aJ|aDenman</subfield>
      </datafield>
      <datafield ind1='0' ind2='0' tag='999'>
        <subfield code='a'>2011-04-29 00:00:00-04</subfield>
        <subfield code='c'>2010-09-29 13:37:52-04</subfield>
        <subfield code='u'>2017-11-15 15:23:35-05</subfield>
      </datafield>
  </record>