
  <record>
    <leader>00000cpcaa2202281Ia 4500</leader>
      <controlfield tag='008'>101110i17991999ncu                 eng d</controlfield>
      <controlfield tag='001'>680333020</controlfield>
      <controlfield tag='003'>OCoLC</controlfield>
      <controlfield tag='005'>20110125040230.0</controlfield>
      <datafield ind1=' ' ind2=' ' tag='035'>
        <subfield code='a'>(OCoLC)680333020</subfield>
      </datafield>
      <datafield ind1=' ' ind2=' ' tag='040'>
        <subfield code='a'>NOC</subfield>
        <subfield code='c'>NOC</subfield>
        <subfield code='d'>NOC</subfield>
      </datafield>
      <datafield ind1=' ' ind2=' ' tag='049'>
        <subfield code='a'>[Photo]NODB</subfield>
      </datafield>
      <datafield ind1='0' ind2='0' tag='245'>
        <subfield code='a'>University of North Carolina at Chapel Hill Image Collection,</subfield>
        <subfield code='f'>1799-1999</subfield>
      </datafield>
      <datafield ind1=' ' ind2=' ' tag='300'>
        <subfield code='a'>About 8000</subfield>
        <subfield code='f'>images</subfield>
        <subfield code='a'>(about 75.0 linear feet).</subfield>
      </datafield>
      <datafield ind1='8' ind2=' ' tag='520'>
        <subfield code='a'>The collection consists of images documenting the history of the University of North Carolina at Chapel Hill organized into eleven series by broad categories: administration and staff, 1897-1980s; alumni, 1900-1979; athletics, 1890s-1999 and undated; buildings and grounds, 1799-1999 and undated; documents, 1950s and undated; keepsakes, 1980s-1990s and undated; military affairs, 1910-1980s and undated; organizations, 1878-1990s and undated; schools and colleges, 1870-1980s; special events, 1910s-1980s; and students, 1870-1990s. Images are in a variety of formats, primarily black-and-white photographic prints, but also including film negatives, 35mm color slides, 35mm roll film negatives, illustrations, color lithographs, pages from publications, and other types of documents.</subfield>
      </datafield>
      <datafield ind1=' ' ind2=' ' tag='544'>
        <subfield code='a'>The North Carolina Collection Photographic Archives, University of North Carolina at Chapel Hill, holds many collections with images relating to the history of the University of North Carolina at Chapel Hill.</subfield>
      </datafield>
      <datafield ind1='1' ind2='0' tag='600'>
        <subfield code='a'>Alderman, Edwin Anderson,</subfield>
        <subfield code='d'>1861-1931.</subfield>
      </datafield>
      <datafield ind1='1' ind2='0' tag='600'>
        <subfield code='a'>Auld, Benjamin F.</subfield>
      </datafield>
      <datafield ind1='1' ind2='0' tag='600'>
        <subfield code='a'>Bain, Charles Wesley,</subfield>
        <subfield code='d'>1864-1915.</subfield>
      </datafield>
      <datafield ind1='1' ind2='0' tag='600'>
        <subfield code='a'>Baity, Herman G.,</subfield>
        <subfield code='d'>1895-1975.</subfield>
      </datafield>
      <datafield ind1='1' ind2='0' tag='600'>
        <subfield code='a'>Battle, Kemp P.</subfield>
        <subfield code='q'>(Kemp Plummer),</subfield>
        <subfield code='d'>1831-1919.</subfield>
      </datafield>
      <datafield ind1='1' ind2='0' tag='600'>
        <subfield code='a'>Beard, John Grover,</subfield>
        <subfield code='d'>1888-1946.</subfield>
      </datafield>
      <datafield ind1='1' ind2='0' tag='600'>
        <subfield code='a'>Beers, Charles Dale,</subfield>
        <subfield code='d'>1901-</subfield>
      </datafield>
      <datafield ind1='1' ind2='0' tag='600'>
        <subfield code='a'>Bell, James M.</subfield>
        <subfield code='q'>(James Munsie),</subfield>
        <subfield code='d'>1880-1934.</subfield>
      </datafield>
      <datafield ind1='1' ind2='0' tag='600'>
        <subfield code='a'>Bernard, W. S.</subfield>
        <subfield code='q'>(William Stanley),</subfield>
        <subfield code='d'>1867-1938.</subfield>
      </datafield>
      <datafield ind1='1' ind2='0' tag='600'>
        <subfield code='a'>Booker, John Manning.</subfield>
      </datafield>
      <datafield ind1='1' ind2='0' tag='600'>
        <subfield code='a'>Bradshaw, Francis Foster,</subfield>
        <subfield code='d'>1893-1979.</subfield>
      </datafield>
      <datafield ind1='1' ind2='0' tag='600'>
        <subfield code='a'>Branson, E. C.</subfield>
        <subfield code='q'>(Eugene Cunningham),</subfield>
        <subfield code='d'>1861-1933.</subfield>
      </datafield>
      <datafield ind1='1' ind2='0' tag='600'>
        <subfield code='a'>Brown, Kent James.</subfield>
      </datafield>
      <datafield ind1='1' ind2='0' tag='600'>
        <subfield code='a'>Bullitt, James Bell,</subfield>
        <subfield code='d'>1874-1964.</subfield>
      </datafield>
      <datafield ind1='1' ind2='0' tag='600'>
        <subfield code='a'>Cain, William E.,</subfield>
        <subfield code='d'>1952-</subfield>
      </datafield>
      <datafield ind1='1' ind2='0' tag='600'>
        <subfield code='a'>Carroll, Dudley Dewitt,</subfield>
        <subfield code='d'>1885-1971.</subfield>
      </datafield>
      <datafield ind1='1' ind2='0' tag='600'>
        <subfield code='a'>Chambers, Lenoir,</subfield>
        <subfield code='d'>1891-1970.</subfield>
      </datafield>
      <datafield ind1='1' ind2='0' tag='600'>
        <subfield code='a'>Chase, Harry Woodburn,</subfield>
        <subfield code='d'>1883-1955.</subfield>
      </datafield>
      <datafield ind1='1' ind2='0' tag='600'>
        <subfield code='a'>Cobb, Collier,</subfield>
        <subfield code='d'>1862-1934.</subfield>
      </datafield>
      <datafield ind1='1' ind2='0' tag='600'>
        <subfield code='a'>Coker, William Chambers,</subfield>
        <subfield code='d'>1872-1953.</subfield>
      </datafield>
      <datafield ind1='1' ind2='0' tag='600'>
        <subfield code='a'>Collins, Hubert Walter.</subfield>
      </datafield>
      <datafield ind1='1' ind2='0' tag='600'>
        <subfield code='a'>Coulter, Victor A.,</subfield>
        <subfield code='d'>1892-</subfield>
      </datafield>
      <datafield ind1='1' ind2='0' tag='600'>
        <subfield code='a'>Dashiell, John Frederick,</subfield>
        <subfield code='d'>1888-1975.</subfield>
      </datafield>
      <datafield ind1='1' ind2='0' tag='600'>
        <subfield code='a'>Dey, William Morton,</subfield>
        <subfield code='d'>1880-1961.</subfield>
      </datafield>
      <datafield ind1='1' ind2='0' tag='600'>
        <subfield code='a'>Dobbins, James Talmage,</subfield>
        <subfield code='d'>1888-</subfield>
      </datafield>
      <datafield ind1='1' ind2='0' tag='600'>
        <subfield code='a'>Efird, Oscar Ogburn,</subfield>
        <subfield code='d'>1892-</subfield>
      </datafield>
      <datafield ind1='1' ind2='0' tag='600'>
        <subfield code='a'>Engelhard, Joseph Adolphus.</subfield>
      </datafield>
      <datafield ind1='1' ind2='0' tag='600'>
        <subfield code='a'>Epps, Preston H.</subfield>
        <subfield code='q'>(Preston Herschel),</subfield>
        <subfield code='d'>1888-1982.</subfield>
      </datafield>
      <datafield ind1='1' ind2='0' tag='600'>
        <subfield code='a'>George, W. C.</subfield>
        <subfield code='q'>(Wesley Critz),</subfield>
        <subfield code='d'>1888-1982.</subfield>
      </datafield>
      <datafield ind1='1' ind2='0' tag='600'>
        <subfield code='a'>Graham, Edward K.</subfield>
        <subfield code='q'>(Edward Kidder),</subfield>
        <subfield code='d'>1911-1976.</subfield>
      </datafield>
      <datafield ind1='1' ind2='0' tag='600'>
        <subfield code='a'>Graham, Frank Porter,</subfield>
        <subfield code='d'>1886-1972.</subfield>
      </datafield>
      <datafield ind1='1' ind2='0' tag='600'>
        <subfield code='a'>Greenlaw, Edwin,</subfield>
        <subfield code='d'>1874-1931.</subfield>
      </datafield>
      <datafield ind1='1' ind2='0' tag='600'>
        <subfield code='a'>Hamilton, Joseph Grégoire de Roulhac,</subfield>
        <subfield code='d'>1878-1961.</subfield>
      </datafield>
      <datafield ind1='1' ind2='0' tag='600'>
        <subfield code='a'>Hanford, James Holly,</subfield>
        <subfield code='d'>1882-1969.</subfield>
      </datafield>
      <datafield ind1='1' ind2='0' tag='600'>
        <subfield code='a'>Harrer, Gustave Adolphus,</subfield>
        <subfield code='d'>1886-1943.</subfield>
      </datafield>
      <datafield ind1='1' ind2='0' tag='600'>
        <subfield code='a'>Henderson, Archibald,</subfield>
        <subfield code='d'>1877-1963.</subfield>
      </datafield>
      <datafield ind1='1' ind2='0' tag='600'>
        <subfield code='a'>Henry, George Kenneth Grant.</subfield>
      </datafield>
      <datafield ind1='1' ind2='0' tag='600'>
        <subfield code='a'>Herty, Charles H.</subfield>
        <subfield code='q'>(Charles Holmes),</subfield>
        <subfield code='d'>1867-1938.</subfield>
      </datafield>
      <datafield ind1='1' ind2='0' tag='600'>
        <subfield code='a'>Hibbard, Addison,</subfield>
        <subfield code='d'>1887-1945.</subfield>
      </datafield>
      <datafield ind1='1' ind2='0' tag='600'>
        <subfield code='a'>Hickerson, Thomas F.</subfield>
        <subfield code='q'>(Thomas Felix),</subfield>
        <subfield code='d'>1882-1968.</subfield>
      </datafield>
      <datafield ind1='1' ind2='0' tag='600'>
        <subfield code='a'>Hobbs, Allan Wilson,</subfield>
        <subfield code='d'>1885-1960.</subfield>
      </datafield>
      <datafield ind1='1' ind2='0' tag='600'>
        <subfield code='a'>Hobbs, S. H.,</subfield>
        <subfield code='c'>Jr.</subfield>
        <subfield code='q'>(Samuel Huntington),</subfield>
        <subfield code='d'>1895-1969.</subfield>
      </datafield>
      <datafield ind1='1' ind2='0' tag='600'>
        <subfield code='a'>Howell, A. C.</subfield>
        <subfield code='q'>(Almonte Charles),</subfield>
        <subfield code='d'>1895-1986.</subfield>
      </datafield>
      <datafield ind1='1' ind2='0' tag='600'>
        <subfield code='a'>Howell, E. V.</subfield>
        <subfield code='q'>(Edward Vernon),</subfield>
        <subfield code='d'>1872-1931.</subfield>
      </datafield>
      <datafield ind1='1' ind2='0' tag='600'>
        <subfield code='a'>Huse, H. R.</subfield>
        <subfield code='q'>(Howard Russell),</subfield>
        <subfield code='d'>1890-1977.</subfield>
      </datafield>
      <datafield ind1='1' ind2='0' tag='600'>
        <subfield code='a'>Judd, Zebulon Vance,</subfield>
        <subfield code='d'>1876-1960.</subfield>
      </datafield>
      <datafield ind1='1' ind2='0' tag='600'>
        <subfield code='a'>King, William R.</subfield>
        <subfield code='q'>(William Rufus),</subfield>
        <subfield code='d'>1786-1853.</subfield>
      </datafield>
      <datafield ind1='1' ind2='0' tag='600'>
        <subfield code='a'>Knight, Edgar Wallace,</subfield>
        <subfield code='d'>1886-1953.</subfield>
      </datafield>
      <datafield ind1='1' ind2='0' tag='600'>
        <subfield code='a'>Koch, Frederick H.</subfield>
        <subfield code='q'>(Frederick Henry),</subfield>
        <subfield code='d'>1877-1944.</subfield>
      </datafield>
      <datafield ind1='1' ind2='0' tag='600'>
        <subfield code='a'>Lawson, R. B.</subfield>
        <subfield code='q'>(Robert Baker),</subfield>
        <subfield code='d'>1875-1952.</subfield>
      </datafield>
      <datafield ind1='1' ind2='0' tag='600'>
        <subfield code='a'>Leavitt, Sturgis E.</subfield>
        <subfield code='q'>(Sturgis Elleno),</subfield>
        <subfield code='d'>1888-1976.</subfield>
      </datafield>
      <datafield ind1='1' ind2='0' tag='600'>
        <subfield code='a'>Linker, J. B.</subfield>
        <subfield code='q'>(Joseph Burton),</subfield>
        <subfield code='d'>1897-</subfield>
      </datafield>
      <datafield ind1='1' ind2='0' tag='600'>
        <subfield code='a'>MacMillan, Dougald,</subfield>
        <subfield code='d'>1897-1975.</subfield>
      </datafield>
      <datafield ind1='1' ind2='0' tag='600'>
        <subfield code='a'>MacNider, William de Berniere,</subfield>
        <subfield code='d'>1881-1951.</subfield>
      </datafield>
      <datafield ind1='1' ind2='0' tag='600'>
        <subfield code='a'>Mangum, Charles S.,</subfield>
        <subfield code='c'>Jr.</subfield>
        <subfield code='q'>(Charles Staples),</subfield>
        <subfield code='d'>1902-1980.</subfield>
      </datafield>
      <datafield ind1='1' ind2='0' tag='600'>
        <subfield code='a'>Manning, Isaac Hall,</subfield>
        <subfield code='d'>1866-1946.</subfield>
      </datafield>
      <datafield ind1='1' ind2='0' tag='600'>
        <subfield code='a'>Markham, Blackwell.</subfield>
      </datafield>
      <datafield ind1='1' ind2='0' tag='600'>
        <subfield code='a'>Matherly, Walter J.</subfield>
        <subfield code='q'>(Walter Jeffries),</subfield>
        <subfield code='d'>1888-1954.</subfield>
      </datafield>
      <datafield ind1='1' ind2='0' tag='600'>
        <subfield code='a'>McGehee, Lucius Polk.</subfield>
      </datafield>
      <datafield ind1='1' ind2='0' tag='600'>
        <subfield code='a'>McIntosh, Atwell Campbell,</subfield>
        <subfield code='d'>1859-1939.</subfield>
      </datafield>
      <datafield ind1='1' ind2='0' tag='600'>
        <subfield code='a'>McKie, George MacFarland.</subfield>
      </datafield>
      <datafield ind1='1' ind2='0' tag='600'>
        <subfield code='a'>Noble, M. C. S.</subfield>
        <subfield code='q'>(Marcus Cicero Stephens),</subfield>
        <subfield code='d'>1855-1942.</subfield>
      </datafield>
      <datafield ind1='1' ind2='0' tag='600'>
        <subfield code='a'>Odum, Howard Washington,</subfield>
        <subfield code='d'>1884-1954.</subfield>
      </datafield>
      <datafield ind1='1' ind2='0' tag='600'>
        <subfield code='a'>Patterson, Andrew Henry,</subfield>
        <subfield code='d'>1870-1928.</subfield>
      </datafield>
      <datafield ind1='1' ind2='0' tag='600'>
        <subfield code='a'>Peacock, Erle Ewart,</subfield>
        <subfield code='d'>1892-1968.</subfield>
      </datafield>
      <datafield ind1='1' ind2='0' tag='600'>
        <subfield code='a'>Pierson, William Whatley,</subfield>
        <subfield code='c'>Jr.,</subfield>
        <subfield code='d'>1890-1966.</subfield>
      </datafield>
      <datafield ind1='1' ind2='0' tag='600'>
        <subfield code='a'>Pratt, Joseph Hyde,</subfield>
        <subfield code='d'>1870-1942.</subfield>
      </datafield>
      <datafield ind1='1' ind2='0' tag='600'>
        <subfield code='a'>Prouty, William F.</subfield>
        <subfield code='q'>(William Frederick),</subfield>
        <subfield code='d'>1879-1949.</subfield>
      </datafield>
      <datafield ind1='1' ind2='0' tag='600'>
        <subfield code='a'>Rankin, E. R.</subfield>
        <subfield code='q'>(Edgar Ralph)</subfield>
      </datafield>
      <datafield ind1='1' ind2='0' tag='600'>
        <subfield code='a'>Rankin, W. W.</subfield>
        <subfield code='q'>(William Walter),</subfield>
        <subfield code='d'>1882-1961.</subfield>
      </datafield>
      <datafield ind1='1' ind2='0' tag='600'>
        <subfield code='a'>Raper, Charles Lee,</subfield>
        <subfield code='d'>1870-1957.</subfield>
      </datafield>
      <datafield ind1='1' ind2='0' tag='600'>
        <subfield code='a'>Rhyne, Orestes Pearle,</subfield>
        <subfield code='d'>1885-</subfield>
      </datafield>
      <datafield ind1='1' ind2='0' tag='600'>
        <subfield code='a'>Royster, James Finch,</subfield>
        <subfield code='d'>1880-1930.</subfield>
      </datafield>
      <datafield ind1='1' ind2='0' tag='600'>
        <subfield code='a'>Royster, Wilbur High.</subfield>
      </datafield>
      <datafield ind1='1' ind2='0' tag='600'>
        <subfield code='a'>Saville, Thorndike,</subfield>
        <subfield code='d'>1892-1969.</subfield>
      </datafield>
      <datafield ind1='1' ind2='0' tag='600'>
        <subfield code='a'>Stacy, Marvin Hendrix,</subfield>
        <subfield code='d'>1877-1919.</subfield>
      </datafield>
      <datafield ind1='1' ind2='0' tag='600'>
        <subfield code='a'>Steadman, J. M.,</subfield>
        <subfield code='c'>Jr.</subfield>
        <subfield code='q'>(John Marcellus),</subfield>
        <subfield code='d'>1889-1945.</subfield>
      </datafield>
      <datafield ind1='1' ind2='0' tag='600'>
        <subfield code='a'>Swain, David L.</subfield>
        <subfield code='q'>(David Lowry),</subfield>
        <subfield code='d'>1801-1868.</subfield>
      </datafield>
      <datafield ind1='1' ind2='0' tag='600'>
        <subfield code='a'>Taylor, Haywood M.</subfield>
      </datafield>
      <datafield ind1='1' ind2='0' tag='600'>
        <subfield code='a'>Thornton, Richard H.</subfield>
      </datafield>
      <datafield ind1='1' ind2='0' tag='600'>
        <subfield code='a'>Thrall, William Flint,</subfield>
        <subfield code='d'>1880-</subfield>
      </datafield>
      <datafield ind1='1' ind2='0' tag='600'>
        <subfield code='a'>Totten, H. R.</subfield>
        <subfield code='q'>(Henry Roland),</subfield>
        <subfield code='d'>1892-1974.</subfield>
      </datafield>
      <datafield ind1='1' ind2='0' tag='600'>
        <subfield code='a'>Towles, Oliver,</subfield>
        <subfield code='d'>1887-</subfield>
      </datafield>
      <datafield ind1='1' ind2='0' tag='600'>
        <subfield code='a'>Toy, Walter Dallam.</subfield>
      </datafield>
      <datafield ind1='1' ind2='0' tag='600'>
        <subfield code='a'>Venable, F. P.</subfield>
        <subfield code='q'>(Francis Preston),</subfield>
        <subfield code='d'>1856-1934.</subfield>
      </datafield>
      <datafield ind1='1' ind2='0' tag='600'>
        <subfield code='a'>Wagstaff, Henry McGilbert.</subfield>
      </datafield>
      <datafield ind1='1' ind2='0' tag='600'>
        <subfield code='a'>Walker, N. W.</subfield>
        <subfield code='q'>(Nathan Wilson),</subfield>
        <subfield code='d'>1875-1936.</subfield>
      </datafield>
      <datafield ind1='1' ind2='0' tag='600'>
        <subfield code='a'>Warren, Julius Algernon.</subfield>
      </datafield>
      <datafield ind1='1' ind2='0' tag='600'>
        <subfield code='a'>Weaver, Paul John,</subfield>
        <subfield code='d'>1889-1946.</subfield>
      </datafield>
      <datafield ind1='1' ind2='0' tag='600'>
        <subfield code='a'>Wheeler, A. S.</subfield>
        <subfield code='q'>(Alvin Sawyer),</subfield>
        <subfield code='d'>1866-1940.</subfield>
      </datafield>
      <datafield ind1='1' ind2='0' tag='600'>
        <subfield code='a'>Williams, Henry Horace,</subfield>
        <subfield code='d'>1858-1940.</subfield>
      </datafield>
      <datafield ind1='1' ind2='0' tag='600'>
        <subfield code='a'>Williams, L. A.</subfield>
        <subfield code='q'>(Lester Alonzo),</subfield>
        <subfield code='d'>1880-1960.</subfield>
      </datafield>
      <datafield ind1='1' ind2='0' tag='600'>
        <subfield code='a'>Wilson, H. V.</subfield>
        <subfield code='q'>(Henry Van Peters),</subfield>
        <subfield code='d'>1863-1939.</subfield>
      </datafield>
      <datafield ind1='1' ind2='0' tag='600'>
        <subfield code='a'>Wilson, Louis Round,</subfield>
        <subfield code='d'>1876-1979.</subfield>
      </datafield>
      <datafield ind1='1' ind2='0' tag='600'>
        <subfield code='a'>Wilson, Thomas James,</subfield>
        <subfield code='d'>1874-1945.</subfield>
      </datafield>
      <datafield ind1='1' ind2='0' tag='600'>
        <subfield code='a'>Winsor, Arthur Simeon,</subfield>
        <subfield code='d'>1930-</subfield>
      </datafield>
      <datafield ind1='1' ind2='0' tag='600'>
        <subfield code='a'>Winston, P. H.</subfield>
        <subfield code='q'>(Patrick Henry),</subfield>
        <subfield code='d'>1820-1886.</subfield>
      </datafield>
      <datafield ind1='1' ind2='0' tag='600'>
        <subfield code='a'>Woosley, John Brooks,</subfield>
        <subfield code='d'>1892-</subfield>
      </datafield>
      <datafield ind1='2' ind2='0' tag='610'>
        <subfield code='a'>North Carolina Tar Heels (Baseball team)</subfield>
        <subfield code='v'>Photographs.</subfield>
      </datafield>
      <datafield ind1='2' ind2='0' tag='610'>
        <subfield code='a'>North Carolina Tar Heels (Basketball team)</subfield>
        <subfield code='v'>Photographs.</subfield>
      </datafield>
      <datafield ind1='2' ind2='0' tag='610'>
        <subfield code='a'>North Carolina Tar Heels (Football team)</subfield>
        <subfield code='v'>Photographs.</subfield>
      </datafield>
      <datafield ind1='1' ind2='0' tag='610'>
        <subfield code='a'>North Carolina.</subfield>
        <subfield code='t'>Speaker Ban Law.</subfield>
      </datafield>
      <datafield ind1='2' ind2='0' tag='610'>
        <subfield code='a'>Old Well (Chapel Hill, N.C.)</subfield>
        <subfield code='v'>Photographs.</subfield>
      </datafield>
      <datafield ind1='2' ind2='0' tag='610'>
        <subfield code='a'>University of North Carolina (1793-1962)</subfield>
        <subfield code='x'>Administration</subfield>
        <subfield code='v'>Photographs.</subfield>
      </datafield>
      <datafield ind1='2' ind2='0' tag='610'>
        <subfield code='a'>University of North Carolina (1793-1962)</subfield>
        <subfield code='x'>Alumni and alumnae</subfield>
        <subfield code='v'>Photographs.</subfield>
      </datafield>
      <datafield ind1='2' ind2='0' tag='610'>
        <subfield code='a'>University of North Carolina (1793-1962)</subfield>
        <subfield code='x'>Awards</subfield>
        <subfield code='v'>Photographs.</subfield>
      </datafield>
      <datafield ind1='2' ind2='0' tag='610'>
        <subfield code='a'>University of North Carolina (1793-1962)</subfield>
        <subfield code='x'>Baseball</subfield>
        <subfield code='v'>Photographs.</subfield>
      </datafield>
      <datafield ind1='2' ind2='0' tag='610'>
        <subfield code='a'>University of North Carolina (1793-1962)</subfield>
        <subfield code='x'>Basketball</subfield>
        <subfield code='v'>Photographs.</subfield>
      </datafield>
      <datafield ind1='2' ind2='0' tag='610'>
        <subfield code='a'>University of North Carolina (1793-1962)</subfield>
        <subfield code='x'>Buildings</subfield>
        <subfield code='v'>Photographs.</subfield>
      </datafield>
      <datafield ind1='2' ind2='0' tag='610'>
        <subfield code='a'>University of North Carolina (1793-1962)</subfield>
        <subfield code='x'>Buildings</subfield>
        <subfield code='v'>Pictorial works.</subfield>
      </datafield>
      <datafield ind1='2' ind2='0' tag='610'>
        <subfield code='a'>University of North Carolina (1793-1962)</subfield>
        <subfield code='x'>Commencement</subfield>
        <subfield code='v'>Photographs.</subfield>
      </datafield>
      <datafield ind1='2' ind2='0' tag='610'>
        <subfield code='a'>University of North Carolina (1793-1962)</subfield>
        <subfield code='x'>Employees</subfield>
        <subfield code='v'>Photographs.</subfield>
      </datafield>
      <datafield ind1='2' ind2='0' tag='610'>
        <subfield code='a'>University of North Carolina (1793-1962)</subfield>
        <subfield code='x'>Faculty</subfield>
        <subfield code='v'>Photographs.</subfield>
      </datafield>
      <datafield ind1='2' ind2='0' tag='610'>
        <subfield code='a'>University of North Carolina (1793-1962)</subfield>
        <subfield code='x'>Football</subfield>
        <subfield code='v'>Photographs.</subfield>
      </datafield>
      <datafield ind1='2' ind2='0' tag='610'>
        <subfield code='a'>University of North Carolina (1793-1962)</subfield>
        <subfield code='x'>Foreign students</subfield>
        <subfield code='v'>Photographs.</subfield>
      </datafield>
      <datafield ind1='2' ind2='0' tag='610'>
        <subfield code='a'>University of North Carolina (1793-1962)</subfield>
        <subfield code='x'>History</subfield>
        <subfield code='v'>Photographs.</subfield>
      </datafield>
      <datafield ind1='2' ind2='0' tag='610'>
        <subfield code='a'>University of North Carolina (1793-1962)</subfield>
        <subfield code='x'>History.</subfield>
      </datafield>
      <datafield ind1='2' ind2='0' tag='610'>
        <subfield code='a'>University of North Carolina (1793-1962)</subfield>
        <subfield code='x'>Libraries</subfield>
        <subfield code='v'>Photographs.</subfield>
      </datafield>
      <datafield ind1='2' ind2='0' tag='610'>
        <subfield code='a'>University of North Carolina (1793-1962)</subfield>
        <subfield code='v'>Maps.</subfield>
      </datafield>
      <datafield ind1='2' ind2='0' tag='610'>
        <subfield code='a'>University of North Carolina (1793-1962)</subfield>
        <subfield code='v'>Photographs.</subfield>
      </datafield>
      <datafield ind1='2' ind2='0' tag='610'>
        <subfield code='a'>University of North Carolina (1793-1962)</subfield>
        <subfield code='x'>Social life and customs</subfield>
        <subfield code='v'>Photographs.</subfield>
      </datafield>
      <datafield ind1='2' ind2='0' tag='610'>
        <subfield code='a'>University of North Carolina (1793-1962)</subfield>
        <subfield code='x'>Societies, etc.</subfield>
        <subfield code='v'>Photographs.</subfield>
      </datafield>
      <datafield ind1='2' ind2='0' tag='610'>
        <subfield code='a'>University of North Carolina (1793-1962)</subfield>
        <subfield code='x'>Sports</subfield>
        <subfield code='v'>Photographs.</subfield>
      </datafield>
      <datafield ind1='2' ind2='0' tag='610'>
        <subfield code='a'>University of North Carolina (1793-1962)</subfield>
        <subfield code='x'>Student housing</subfield>
        <subfield code='v'>Photographs.</subfield>
      </datafield>
      <datafield ind1='2' ind2='0' tag='610'>
        <subfield code='a'>University of North Carolina (1793-1962)</subfield>
        <subfield code='x'>Students</subfield>
        <subfield code='v'>Photographs.</subfield>
      </datafield>
      <datafield ind1='2' ind2='0' tag='610'>
        <subfield code='a'>University of North Carolina (1793-1962)</subfield>
        <subfield code='x'>Students</subfield>
        <subfield code='x'>Social life and customs</subfield>
        <subfield code='v'>Photographs.</subfield>
      </datafield>
      <datafield ind1='2' ind2='0' tag='610'>
        <subfield code='a'>University of North Carolina at Chapel Hill</subfield>
        <subfield code='x'>Administration</subfield>
        <subfield code='v'>Photographs.</subfield>
      </datafield>
      <datafield ind1='2' ind2='0' tag='610'>
        <subfield code='a'>University of North Carolina at Chapel Hill</subfield>
        <subfield code='x'>Alumni and alumnae</subfield>
        <subfield code='v'>Photographs.</subfield>
      </datafield>
      <datafield ind1='2' ind2='0' tag='610'>
        <subfield code='a'>University of North Carolina at Chapel Hill</subfield>
        <subfield code='x'>Awards</subfield>
        <subfield code='v'>Photographs.</subfield>
      </datafield>
      <datafield ind1='2' ind2='0' tag='610'>
        <subfield code='a'>University of North Carolina at Chapel Hill</subfield>
        <subfield code='x'>Baseball</subfield>
        <subfield code='v'>Photographs.</subfield>
      </datafield>
      <datafield ind1='2' ind2='0' tag='610'>
        <subfield code='a'>University of North Carolina at Chapel Hill</subfield>
        <subfield code='x'>Basketball</subfield>
        <subfield code='v'>Photographs.</subfield>
      </datafield>
      <datafield ind1='2' ind2='0' tag='610'>
        <subfield code='a'>University of North Carolina at Chapel Hill</subfield>
        <subfield code='x'>Buildings</subfield>
        <subfield code='v'>Photographs.</subfield>
      </datafield>
      <datafield ind1='2' ind2='0' tag='610'>
        <subfield code='a'>University of North Carolina at Chapel Hill</subfield>
        <subfield code='x'>Buildings</subfield>
        <subfield code='v'>Pictorial works.</subfield>
      </datafield>
      <datafield ind1='2' ind2='0' tag='610'>
        <subfield code='a'>University of North Carolina at Chapel Hill</subfield>
        <subfield code='x'>Commencement</subfield>
        <subfield code='v'>Photographs.</subfield>
      </datafield>
      <datafield ind1='2' ind2='0' tag='610'>
        <subfield code='a'>University of North Carolina at Chapel Hill</subfield>
        <subfield code='x'>Employees</subfield>
        <subfield code='v'>Photographs.</subfield>
      </datafield>
      <datafield ind1='2' ind2='0' tag='610'>
        <subfield code='a'>University of North Carolina at Chapel Hill</subfield>
        <subfield code='x'>Faculty</subfield>
        <subfield code='v'>Photographs.</subfield>
      </datafield>
      <datafield ind1='2' ind2='0' tag='610'>
        <subfield code='a'>University of North Carolina at Chapel Hill</subfield>
        <subfield code='x'>Football</subfield>
        <subfield code='v'>Photographs.</subfield>
      </datafield>
      <datafield ind1='2' ind2='0' tag='610'>
        <subfield code='a'>University of North Carolina at Chapel Hill</subfield>
        <subfield code='x'>Foreign students</subfield>
        <subfield code='v'>Photographs.</subfield>
      </datafield>
      <datafield ind1='2' ind2='0' tag='610'>
        <subfield code='a'>University of North Carolina at Chapel Hill</subfield>
        <subfield code='x'>History</subfield>
        <subfield code='v'>Photographs.</subfield>
      </datafield>
      <datafield ind1='2' ind2='0' tag='610'>
        <subfield code='a'>University of North Carolina at Chapel Hill</subfield>
        <subfield code='x'>History.</subfield>
      </datafield>
      <datafield ind1='2' ind2='0' tag='610'>
        <subfield code='a'>University of North Carolina at Chapel Hill</subfield>
        <subfield code='x'>Libraries</subfield>
        <subfield code='v'>Photographs.</subfield>
      </datafield>
      <datafield ind1='2' ind2='0' tag='610'>
        <subfield code='a'>University of North Carolina at Chapel Hill</subfield>
        <subfield code='v'>Maps.</subfield>
      </datafield>
      <datafield ind1='2' ind2='0' tag='610'>
        <subfield code='a'>University of North Carolina at Chapel Hill</subfield>
        <subfield code='v'>Photographs.</subfield>
      </datafield>
      <datafield ind1='2' ind2='0' tag='610'>
        <subfield code='a'>University of North Carolina at Chapel Hill</subfield>
        <subfield code='x'>Social life and customs</subfield>
        <subfield code='v'>Photographs.</subfield>
      </datafield>
      <datafield ind1='2' ind2='0' tag='610'>
        <subfield code='a'>University of North Carolina at Chapel Hill</subfield>
        <subfield code='x'>Societies, etc.</subfield>
        <subfield code='v'>Photographs.</subfield>
      </datafield>
      <datafield ind1='2' ind2='0' tag='610'>
        <subfield code='a'>University of North Carolina at Chapel Hill</subfield>
        <subfield code='x'>Sports</subfield>
        <subfield code='v'>Photographs.</subfield>
      </datafield>
      <datafield ind1='2' ind2='0' tag='610'>
        <subfield code='a'>University of North Carolina at Chapel Hill</subfield>
        <subfield code='x'>Student housing</subfield>
        <subfield code='v'>Photographs.</subfield>
      </datafield>
      <datafield ind1='2' ind2='0' tag='610'>
        <subfield code='a'>University of North Carolina at Chapel Hill</subfield>
        <subfield code='x'>Students</subfield>
        <subfield code='v'>Photographs.</subfield>
      </datafield>
      <datafield ind1='2' ind2='0' tag='610'>
        <subfield code='a'>University of North Carolina at Chapel Hill</subfield>
        <subfield code='x'>Students</subfield>
        <subfield code='x'>Political activity</subfield>
        <subfield code='v'>Photographs.</subfield>
      </datafield>
      <datafield ind1='2' ind2='0' tag='610'>
        <subfield code='a'>University of North Carolina at Chapel Hill</subfield>
        <subfield code='x'>Students</subfield>
        <subfield code='x'>Social life and customs</subfield>
        <subfield code='v'>Photographs.</subfield>
      </datafield>
      <datafield ind1='2' ind2='0' tag='610'>
        <subfield code='a'>University of North Carolina at Chapel Hill.</subfield>
        <subfield code='b'>Morehead-Patterson Memorial Tower</subfield>
        <subfield code='v'>Photographs.</subfield>
      </datafield>
      <datafield ind1=' ' ind2='0' tag='650'>
        <subfield code='a'>College athletes</subfield>
        <subfield code='z'>North Carolina</subfield>
        <subfield code='v'>Photographs.</subfield>
      </datafield>
      <datafield ind1=' ' ind2='0' tag='650'>
        <subfield code='a'>College athletes</subfield>
        <subfield code='v'>Photographs.</subfield>
      </datafield>
      <datafield ind1=' ' ind2='0' tag='650'>
        <subfield code='a'>College athletes</subfield>
        <subfield code='z'>Southern States</subfield>
        <subfield code='v'>Photographs.</subfield>
      </datafield>
      <datafield ind1=' ' ind2='0' tag='650'>
        <subfield code='a'>College campuses</subfield>
        <subfield code='z'>North Carolina</subfield>
        <subfield code='z'>Chapel Hill</subfield>
        <subfield code='v'>Photographs.</subfield>
      </datafield>
      <datafield ind1=' ' ind2='0' tag='650'>
        <subfield code='a'>College campuses</subfield>
        <subfield code='z'>North Carolina</subfield>
        <subfield code='v'>Photographs.</subfield>
      </datafield>
      <datafield ind1=' ' ind2='0' tag='650'>
        <subfield code='a'>College campuses</subfield>
        <subfield code='z'>United States</subfield>
        <subfield code='v'>Photographs.</subfield>
      </datafield>
      <datafield ind1=' ' ind2='0' tag='650'>
        <subfield code='a'>College sports</subfield>
        <subfield code='z'>North Carolina</subfield>
        <subfield code='v'>Photographs.</subfield>
      </datafield>
      <datafield ind1=' ' ind2='0' tag='650'>
        <subfield code='a'>College sports</subfield>
        <subfield code='v'>Photographs.</subfield>
      </datafield>
      <datafield ind1=' ' ind2='0' tag='650'>
        <subfield code='a'>College sports</subfield>
        <subfield code='z'>Southern States</subfield>
        <subfield code='v'>Photographs.</subfield>
      </datafield>
      <datafield ind1=' ' ind2='0' tag='650'>
        <subfield code='a'>College students</subfield>
        <subfield code='z'>North Carolina</subfield>
        <subfield code='z'>Chapel Hill</subfield>
        <subfield code='v'>Photographs.</subfield>
      </datafield>
      <datafield ind1=' ' ind2='0' tag='650'>
        <subfield code='a'>College students</subfield>
        <subfield code='z'>North Carolina</subfield>
        <subfield code='v'>Photographs.</subfield>
      </datafield>
      <datafield ind1=' ' ind2='0' tag='650'>
        <subfield code='a'>Protest movements</subfield>
        <subfield code='z'>North Carolina</subfield>
        <subfield code='v'>Photographs.</subfield>
      </datafield>
      <datafield ind1=' ' ind2='0' tag='650'>
        <subfield code='a'>Universities and colleges</subfield>
        <subfield code='z'>North Carolina</subfield>
        <subfield code='v'>Photographs.</subfield>
      </datafield>
      <datafield ind1=' ' ind2='0' tag='650'>
        <subfield code='a'>Universities and colleges</subfield>
        <subfield code='v'>Photographs.</subfield>
      </datafield>
      <datafield ind1=' ' ind2='0' tag='651'>
        <subfield code='a'>North Carolina</subfield>
        <subfield code='v'>Photographs.</subfield>
      </datafield>
      <datafield ind1=' ' ind2='7' tag='655'>
        <subfield code='a'>Photographs.</subfield>
        <subfield code='2'>lcgft</subfield>
      </datafield>
      <datafield ind1='4' ind2='2' tag='856'>
        <subfield code='3'>Finding aid</subfield>
        <subfield code='u'>http://finding-aids.lib.unc.edu/P0004/</subfield>
      </datafield>
      <datafield ind1=' ' ind2=' ' tag='907'>
        <subfield code='a'>b6466285</subfield>
      </datafield>
      <datafield ind1='9' ind2='1' tag='999'>
        <subfield code='i'>i8475367</subfield>
        <subfield code='l'>wbda</subfield>
        <subfield code='s'>o</subfield>
        <subfield code='t'>36</subfield>
        <subfield code='c'>1</subfield>
        <subfield code='o'>0</subfield>
        <subfield code='p'>099#9</subfield>
        <subfield code='q'>|aP0004</subfield>
      </datafield>
      <datafield ind1='0' ind2='0' tag='999'>
        <subfield code='a'>2011-01-25 00:00:00-05</subfield>
        <subfield code='c'>2010-11-10 16:10:00-05</subfield>
        <subfield code='u'>2016-10-23 13:41:59-04</subfield>
      </datafield>
  </record>