
  <record>
    <leader>00000cam a22003612 b4500</leader>
      <controlfield tag='006'>m     o  d</controlfield>
      <controlfield tag='007'>cr |n |||||||a</controlfield>
      <controlfield tag='008'>050311e200501uucaua    o|||||||| 0|eng|d</controlfield>
      <controlfield tag='001'>sse0000445468</controlfield>
      <controlfield tag='003'>WaSeSS</controlfield>
      <controlfield tag='005'>20170407180148.0</controlfield>
      <datafield ind1=' ' ind2=' ' tag='010'>
        <subfield code='a'>2006530113</subfield>
      </datafield>
      <datafield ind1=' ' ind2=' ' tag='020'>
        <subfield code='a'>9780769522807</subfield>
      </datafield>
      <datafield ind1=' ' ind2=' ' tag='020'>
        <subfield code='z'>0769522807</subfield>
        <subfield code='q'>Trade Paper</subfield>
      </datafield>
      <datafield ind1=' ' ind2=' ' tag='040'>
        <subfield code='a'>BIP US</subfield>
        <subfield code='b'>eng</subfield>
        <subfield code='d'>WaSeSS</subfield>
      </datafield>
      <datafield ind1=' ' ind2='0' tag='050'>
        <subfield code='a'>QA76.58.E95 2005</subfield>
      </datafield>
      <datafield ind1='0' ind2='0' tag='082'>
        <subfield code='a'>004/.35</subfield>
        <subfield code='2'>22</subfield>
      </datafield>
      <datafield ind1='2' ind2=' ' tag='110'>
        <subfield code='a'>IEEE Computer Society Staff</subfield>
        <subfield code='e'>Contribution by</subfield>
        <subfield code='4'>oth</subfield>
      </datafield>
      <datafield ind1='1' ind2='0' tag='245'>
        <subfield code='a'>PDP 2005</subfield>
        <subfield code='h'>[electronic resource]:</subfield>
        <subfield code='b'>13th Euromicro Workshop on Parallel, Distributed and Network-Based Processing (06-11 February 2005/Lugano, Switzerland)</subfield>
      </datafield>
      <datafield ind1=' ' ind2=' ' tag='260'>
        <subfield code='a'>Los Alamitos :</subfield>
        <subfield code='b'>IEEE Computer Society Press</subfield>
        <subfield code='c'>Jan. 2005</subfield>
        <subfield code='a'>Piscataway :</subfield>
        <subfield code='b'>IEEE [Distributor]</subfield>
      </datafield>
      <datafield ind1=' ' ind2=' ' tag='300'>
        <subfield code='a'>1 online resource (384 p.) :</subfield>
        <subfield code='b'>ill</subfield>
      </datafield>
      <datafield ind1='1' ind2=' ' tag='506'>
        <subfield code='a'>Access limited to UNC Chapel Hill-authenticated users.</subfield>
        <subfield code='f'>Limited to seventy-five (75) concurrent users</subfield>
      </datafield>
      <datafield ind1=' ' ind2=' ' tag='520'>
        <subfield code='a'>PDP covers all the fields of high-performance computing, from the end-user applications to new scientific results in architectures, models and languages. The proceedings presents all the issues related to parallel, distributed and network computing. This year the scope of the conference is further expanded with additional themes to emphasize computer graphics applications and internet-based infrastructures. PDP 2005 comprises a collection of 42 excellent technical papers covering a wide range of exciting topics including web and grid computing, peer-to-peer, networking, performance analysis and optimization, distributed databases.</subfield>
      </datafield>
      <datafield ind1=' ' ind2=' ' tag='521'>
        <subfield code='a'>Scholarly &amp; Professional</subfield>
        <subfield code='b'>IEEE Computer Society Press</subfield>
      </datafield>
      <datafield ind1='0' ind2=' ' tag='773'>
        <subfield code='t'>IEEE Xplore (online collection). Conference Proceedings</subfield>
      </datafield>
      <datafield ind1='4' ind2='0' tag='856'>
        <subfield code='y'>Full text available via the UNC-Chapel Hill Libraries</subfield>
        <subfield code='u'>http://VB3LK7EB4T.search.serialssolutions.com/?V=1.0&amp;L=VB3LK7EB4T&amp;S=JCs&amp;C=TC0000445468&amp;T=marc</subfield>
        <subfield code='x'>IEEE Xplore All Conference Proceedings</subfield>
      </datafield>
      <datafield ind1=' ' ind2=' ' tag='907'>
        <subfield code='a'>b6569074</subfield>
      </datafield>
      <datafield ind1='0' ind2='0' tag='999'>
        <subfield code='a'>2017-04-19 00:00:00-04</subfield>
        <subfield code='c'>2011-03-14 16:21:06-04</subfield>
        <subfield code='u'>2017-04-19 11:49:57-04</subfield>
      </datafield>
  </record>