
  <record>
    <leader>00000nam  2200457 a 4500</leader>
      <controlfield tag='006'>m        d</controlfield>
      <controlfield tag='008'>080813r20071882enk     o     000 0dlat d</controlfield>
      <controlfield tag='007'>cr bn ---uuuuu</controlfield>
      <controlfield tag='001'>AMDMTWAC001428a</controlfield>
      <controlfield tag='005'>20081026143136.5</controlfield>
      <datafield ind1=' ' ind2=' ' tag='040'>
        <subfield code='a'>UkMbAM-D</subfield>
        <subfield code='c'>UkMbAM-D</subfield>
      </datafield>
      <datafield ind1='1' ind2=' ' tag='041'>
        <subfield code='a'>lat</subfield>
        <subfield code='a'>cze</subfield>
      </datafield>
      <datafield ind1=' ' ind2=' ' tag='043'>
        <subfield code='a'>a------</subfield>
      </datafield>
      <datafield ind1='1' ind2=' ' tag='100'>
        <subfield code='a'>Marignolis, Joannes de.</subfield>
      </datafield>
      <datafield ind1='1' ind2='0' tag='240'>
        <subfield code='a'>Cronica Boemorum</subfield>
      </datafield>
      <datafield ind1='1' ind2='0' tag='245'>
        <subfield code='a'>Kronika z Jana Marignoly</subfield>
        <subfield code='h'>[electronic resource].</subfield>
      </datafield>
      <datafield ind1='1' ind2='7' tag='246'>
        <subfield code='a'>Kronika Marignolova</subfield>
      </datafield>
      <datafield ind1=' ' ind2=' ' tag='260'>
        <subfield code='a'>Marlborough, England :</subfield>
        <subfield code='b'>Adam Matthew Digital,</subfield>
        <subfield code='c'>2007.</subfield>
      </datafield>
      <datafield ind1=' ' ind2=' ' tag='300'>
        <subfield code='a'>1 online resource (p. [487]-604.)</subfield>
      </datafield>
      <datafield ind1=' ' ind2=' ' tag='500'>
        <subfield code='a'>Edited by Josef Emler.</subfield>
      </datafield>
      <datafield ind1='1' ind2=' ' tag='506'>
        <subfield code='a'>Access limited to UNC Chapel Hill-authenticated users.</subfield>
        <subfield code='f'>Unlimited simultaneous users</subfield>
      </datafield>
      <datafield ind1=' ' ind2=' ' tag='534'>
        <subfield code='p'>Electronic reproduction. Originally published in:</subfield>
        <subfield code='k'>Fontes rerum bohemicarum.</subfield>
        <subfield code='m'>T. 3.</subfield>
        <subfield code='c'>Prague : Nákl. N.F. Palackého, [1882]</subfield>
      </datafield>
      <datafield ind1='1' ind2=' ' tag='535'>
        <subfield code='a'>British Library</subfield>
      </datafield>
      <datafield ind1=' ' ind2=' ' tag='546'>
        <subfield code='a'>Latin text with introd. in Czech.</subfield>
      </datafield>
      <datafield ind1='1' ind2='0' tag='600'>
        <subfield code='a'>Marignolis, Joannes de</subfield>
        <subfield code='x'>Travel</subfield>
        <subfield code='z'>Asia.</subfield>
      </datafield>
      <datafield ind1='2' ind2='0' tag='610'>
        <subfield code='a'>Catholic Church</subfield>
        <subfield code='x'>Foreign relations</subfield>
        <subfield code='v'>Early works to 1800.</subfield>
      </datafield>
      <datafield ind1=' ' ind2='0' tag='650'>
        <subfield code='a'>Geography, Medieval.</subfield>
      </datafield>
      <datafield ind1=' ' ind2='0' tag='650'>
        <subfield code='a'>Mongols</subfield>
        <subfield code='x'>Kings and rulers</subfield>
        <subfield code='v'>Early works to 1800.</subfield>
      </datafield>
      <datafield ind1=' ' ind2='0' tag='650'>
        <subfield code='a'>Papal legates</subfield>
        <subfield code='x'>Travel</subfield>
        <subfield code='z'>Asia</subfield>
        <subfield code='v'>Early works to 1800.</subfield>
      </datafield>
      <datafield ind1=' ' ind2='0' tag='650'>
        <subfield code='a'>Travel, Medieval.</subfield>
      </datafield>
      <datafield ind1=' ' ind2='0' tag='651'>
        <subfield code='a'>Asia</subfield>
        <subfield code='x'>Description and travel</subfield>
        <subfield code='v'>Early works to 1800.</subfield>
      </datafield>
      <datafield ind1='1' ind2=' ' tag='700'>
        <subfield code='a'>Emler, Josef,</subfield>
        <subfield code='d'>1836-1899.</subfield>
      </datafield>
      <datafield ind1='0' ind2=' ' tag='730'>
        <subfield code='a'>Fontes rerum bohemicarum.</subfield>
      </datafield>
      <datafield ind1='0' ind2=' ' tag='773'>
        <subfield code='t'>Medieval travel writing (online collection)</subfield>
      </datafield>
      <datafield ind1='4' ind2='0' tag='856'>
        <subfield code='y'>Full text available via the UNC-Chapel Hill Libraries</subfield>
        <subfield code='u'>http://libproxy.lib.unc.edu/login?url=http://www.medievaltravel.amdigital.co.uk/collections/doc-detail.aspx?documentid=2737</subfield>
      </datafield>
      <datafield ind1=' ' ind2=' ' tag='907'>
        <subfield code='a'>b6744882</subfield>
      </datafield>
      <datafield ind1='0' ind2='0' tag='999'>
        <subfield code='a'>2011-06-09 00:00:00-04</subfield>
        <subfield code='c'>2011-06-09 15:09:45-04</subfield>
        <subfield code='u'>2017-11-15 15:29:01-05</subfield>
      </datafield>
  </record>