
  <record>
    <leader>00000cas  2200361M  4500</leader>
      <controlfield tag='008'>950928d19021932nyumr p       0    1eng d</controlfield>
      <controlfield tag='001'>33917972</controlfield>
      <controlfield tag='003'>OCoLC</controlfield>
      <controlfield tag='005'>20110930014724.0</controlfield>
      <datafield ind1=' ' ind2=' ' tag='035'>
        <subfield code='a'>(OCoLC)33917972</subfield>
      </datafield>
      <datafield ind1=' ' ind2=' ' tag='040'>
        <subfield code='a'>NYP</subfield>
        <subfield code='c'>NYP</subfield>
        <subfield code='d'>OCL</subfield>
        <subfield code='d'>NOC</subfield>
      </datafield>
      <datafield ind1=' ' ind2=' ' tag='049'>
        <subfield code='a'>NODW</subfield>
      </datafield>
      <datafield ind1='0' ind2='0' tag='245'>
        <subfield code='a'>Nugent&apos;s Bulletin</subfield>
        <subfield code='h'>[serial].</subfield>
      </datafield>
      <datafield ind1='0' ind2='1' tag='247'>
        <subfield code='a'>Nugents;</subfield>
        <subfield code='b'>the garment weekly</subfield>
        <subfield code='f'>Vol. 41, no. 9-v. 55, no. 10, v. 54, no. 6-v. 84, no. 4 (May 12, 1917-Sept. 3, 1921, Nov. 6, 1923-Oct. 23, 1928)</subfield>
      </datafield>
      <datafield ind1='0' ind2='1' tag='247'>
        <subfield code='a'>Garment weekly</subfield>
        <subfield code='f'>v. 55, no. 11-v. 54, no. 5 (Sept. 10, 1921-Oct. 30, 1923)</subfield>
      </datafield>
      <datafield ind1='0' ind2='1' tag='247'>
        <subfield code='a'>Nugent&apos;s;</subfield>
        <subfield code='b'>the specialty store magazine</subfield>
        <subfield code='f'>v. 85, no. 1-9 (Oct., 1929-June, 1930)</subfield>
      </datafield>
      <datafield ind1='0' ind2='1' tag='247'>
        <subfield code='a'>Nugent&apos;s;</subfield>
        <subfield code='b'>for buyers of fashion merchandise</subfield>
        <subfield code='f'>v. 85, no. 10-v. 87, no. 7 (July, 1930-April, 1932)</subfield>
      </datafield>
      <datafield ind1=' ' ind2=' ' tag='260'>
        <subfield code='a'>New York.</subfield>
      </datafield>
      <datafield ind1=' ' ind2=' ' tag='300'>
        <subfield code='a'>v.</subfield>
        <subfield code='c'>fol, 4to, 8vo.</subfield>
      </datafield>
      <datafield ind1=' ' ind2=' ' tag='310'>
        <subfield code='a'>Monthly,</subfield>
        <subfield code='b'>Oct., 1929-April, 1932</subfield>
      </datafield>
      <datafield ind1=' ' ind2=' ' tag='321'>
        <subfield code='a'>Semimonthly,</subfield>
        <subfield code='b'>1913-14</subfield>
      </datafield>
      <datafield ind1=' ' ind2=' ' tag='321'>
        <subfield code='a'>Weekly,</subfield>
        <subfield code='b'>1915-27</subfield>
      </datafield>
      <datafield ind1='0' ind2=' ' tag='362'>
        <subfield code='a'>Vol. 1-   ; July 1902-</subfield>
      </datafield>
      <datafield ind1=' ' ind2=' ' tag='547'>
        <subfield code='a'>Vol. 41, no. 9-v. 55, no. 10, v. 54, no. 6-v. 84, no. 4 (May 12, 1917-Sept. 3, 1921, Nov. 6, 1923-Oct. 23, 1928) title reads: Nugents; the garment weekly; v. 55, no. 11-v. 54, no. 5 (Sept. 10, 1921-Oct. 30, 1923) The Garment weekly; v. 85, no. 1-9 (Oct., 1929-June, 1930), Nugent&apos;s; the specialty store magazine; v. 85, no. 10-v. 87, no. 7 (July, 1930-April, 1932), Nugent&apos;s; for buyers of fashion merchandise.</subfield>
      </datafield>
      <datafield ind1=' ' ind2=' ' tag='580'>
        <subfield code='a'>Absorbed by Dry goods economist, Nov. 3, 1928; emerged once more as an independent publication, continuing the original volume numbering, in Oct., 1929; reabsorbed by the Dry goods economist, May, 1932.</subfield>
      </datafield>
      <datafield ind1=' ' ind2='0' tag='650'>
        <subfield code='a'>Clothing trade</subfield>
        <subfield code='v'>Periodicals.</subfield>
      </datafield>
      <datafield ind1='0' ind2='5' tag='780'>
        <subfield code='t'>Spur; a business paper designed to spur store owners and store workers to better and more intelligent effort</subfield>
        <subfield code='g'>&lt;Dec., 1903&gt;</subfield>
      </datafield>
      <datafield ind1='1' ind2='4' tag='785'>
        <subfield code='t'>Dry goods economist</subfield>
        <subfield code='g'>May, 1932</subfield>
      </datafield>
      <datafield ind1=' ' ind2=' ' tag='907'>
        <subfield code='a'>b6843127</subfield>
      </datafield>
      <datafield ind1='9' ind2='1' tag='999'>
        <subfield code='i'>i9195212</subfield>
        <subfield code='l'>trln</subfield>
        <subfield code='s'>-</subfield>
        <subfield code='t'>3</subfield>
        <subfield code='c'>1</subfield>
        <subfield code='o'>2</subfield>
        <subfield code='b'>00034665899</subfield>
        <subfield code='n'>Includes: The Cosmopolitan osteopath:  v.1, no.5(Dec. 1898)</subfield>
      </datafield>
      <datafield ind1='9' ind2='2' tag='999'>
        <subfield code='a'>c4906023</subfield>
        <subfield code='b'>trln</subfield>
        <subfield code='c'>0</subfield>
      </datafield>
      <datafield ind1='9' ind2='3' tag='999'>
        <subfield code='0'>c4906023</subfield>
        <subfield code='2'>853</subfield>
        <subfield code='3'>y</subfield>
        <subfield code='8'>1</subfield>
        <subfield code='a'>v.</subfield>
        <subfield code='b'>no.</subfield>
        <subfield code='i'>(year)</subfield>
      </datafield>
      <datafield ind1='9' ind2='3' tag='999'>
        <subfield code='0'>c4906023</subfield>
        <subfield code='2'>863</subfield>
        <subfield code='3'>h</subfield>
        <subfield code='8'>1.1</subfield>
        <subfield code='a'>4</subfield>
        <subfield code='b'>5</subfield>
        <subfield code='i'>1904</subfield>
      </datafield>
      <datafield ind1='0' ind2='0' tag='999'>
        <subfield code='a'>2011-09-30 00:00:00-04</subfield>
        <subfield code='c'>2011-09-30 13:47:24-04</subfield>
        <subfield code='u'>2017-12-01 11:18:42-05</subfield>
      </datafield>
  </record>