
  <record>
    <leader>00000nem  2200493Ma 4500</leader>
      <controlfield tag='006'>m        c</controlfield>
      <controlfield tag='008'>111017s2003    cau    zz z  zo 0 z eng d</controlfield>
      <controlfield tag='007'>cr zn|---mucmu</controlfield>
      <controlfield tag='001'>768850424</controlfield>
      <controlfield tag='003'>OCoLC</controlfield>
      <controlfield tag='005'>20120223041839.0</controlfield>
      <datafield ind1='0' ind2=' ' tag='034'>
        <subfield code='a'>a</subfield>
        <subfield code='d'>-180.000000</subfield>
        <subfield code='e'>180.000000</subfield>
        <subfield code='f'>83.623596</subfield>
        <subfield code='g'>-90.000000</subfield>
      </datafield>
      <datafield ind1=' ' ind2=' ' tag='035'>
        <subfield code='a'>(OCoLC)768850424</subfield>
      </datafield>
      <datafield ind1=' ' ind2=' ' tag='040'>
        <subfield code='a'>NOC</subfield>
        <subfield code='c'>NOC</subfield>
      </datafield>
      <datafield ind1=' ' ind2=' ' tag='049'>
        <subfield code='a'>NOCC</subfield>
      </datafield>
      <datafield ind1='2' ind2=' ' tag='110'>
        <subfield code='a'>CountryWatch.com INC.</subfield>
      </datafield>
      <datafield ind1='1' ind2='0' tag='245'>
        <subfield code='a'>CountryWatch Demographics (table)</subfield>
        <subfield code='h'>[electronic resource].</subfield>
      </datafield>
      <datafield ind1=' ' ind2=' ' tag='255'>
        <subfield code='a'>Scale not given</subfield>
        <subfield code='c'>(-180.000000 -- 180.000000/83.623596 -- -90.000000).</subfield>
      </datafield>
      <datafield ind1=' ' ind2=' ' tag='260'>
        <subfield code='a'>Redlands, California, USA:</subfield>
        <subfield code='b'>Esri,</subfield>
        <subfield code='c'>2003.</subfield>
      </datafield>
      <datafield ind1=' ' ind2=' ' tag='270'>
        <subfield code='a'>380 New York Street</subfield>
        <subfield code='b'>Redlands</subfield>
        <subfield code='c'>California</subfield>
        <subfield code='d'>USA</subfield>
        <subfield code='e'>92373-8100</subfield>
        <subfield code='k'>909-793-2853</subfield>
        <subfield code='m'>info@esri.com</subfield>
        <subfield code='r'>8:00 a.m.-5:30 p.m. Pacific time, Monday-Friday</subfield>
      </datafield>
      <datafield ind1=' ' ind2=' ' tag='300'>
        <subfield code='a'>1 online resource.</subfield>
      </datafield>
      <datafield ind1=' ' ind2=' ' tag='500'>
        <subfield code='a'>CountryWatch Demographics (table) provides geography, population, social indicators, economy, key sectors of each economy and the environment. To display CountryWatch Demographic attributes on a map, join this table to a World Countries attribute table using Fips_cntry or Cntry_name as the common field.</subfield>
      </datafield>
      <datafield ind1=' ' ind2=' ' tag='500'>
        <subfield code='a'>Publication date: 20001018, 20000101, 20000225, 20010128, 20020314; ground condition: 2000, 1997, 2000, 1999, 2000, 1995, 1999, 2000, 1999, 1997, 1998, 1998.</subfield>
      </datafield>
      <datafield ind1=' ' ind2=' ' tag='500'>
        <subfield code='a'>tabular digital data.</subfield>
      </datafield>
      <datafield ind1=' ' ind2=' ' tag='514'>
        <subfield code='a'>The attribute accuracy is unknown.</subfield>
        <subfield code='d'>No duplicate features are present.</subfield>
        <subfield code='e'>After processing, the data set is checked for number of records, attribute names, and values compared with source materials.</subfield>
      </datafield>
      <datafield ind1=' ' ind2=' ' tag='520'>
        <subfield code='a'>CountryWatch Demographics (table) represents a vast amount of recent demographic information for the countries recognized by the U.S. State Department.</subfield>
      </datafield>
      <datafield ind1=' ' ind2=' ' tag='588'>
        <subfield code='a'>Descriptive metadata copyrighted by Esri and used by permission.</subfield>
      </datafield>
      <datafield ind1=' ' ind2='0' tag='650'>
        <subfield code='a'>Economic indicators.</subfield>
      </datafield>
      <datafield ind1=' ' ind2='0' tag='650'>
        <subfield code='a'>Social indicators.</subfield>
      </datafield>
      <datafield ind1=' ' ind2='0' tag='650'>
        <subfield code='a'>Population.</subfield>
      </datafield>
      <datafield ind1=' ' ind2='0' tag='650'>
        <subfield code='a'>World maps</subfield>
        <subfield code='v'>Databases.</subfield>
      </datafield>
      <datafield ind1=' ' ind2='0' tag='653'>
        <subfield code='a'>Demographics.</subfield>
      </datafield>
      <datafield ind1=' ' ind2='0' tag='653'>
        <subfield code='a'>Economic key sectors.</subfield>
      </datafield>
      <datafield ind1=' ' ind2='0' tag='653'>
        <subfield code='a'>Environmental indicators.</subfield>
      </datafield>
      <datafield ind1=' ' ind2='0' tag='653'>
        <subfield code='a'>Maps</subfield>
        <subfield code='a'>Digital.</subfield>
      </datafield>
      <datafield ind1=' ' ind2='0' tag='653'>
        <subfield code='a'>Populations.</subfield>
      </datafield>
      <datafield ind1=' ' ind2='0' tag='653'>
        <subfield code='a'>Society.</subfield>
      </datafield>
      <datafield ind1=' ' ind2='0' tag='653'>
        <subfield code='a'>Table.</subfield>
      </datafield>
      <datafield ind1=' ' ind2='5' tag='653'>
        <subfield code='a'>World.</subfield>
      </datafield>
      <datafield ind1=' ' ind2='7' tag='655'>
        <subfield code='a'>Geospatial data.</subfield>
        <subfield code='2'>lcgft</subfield>
      </datafield>
      <datafield ind1='0' ind2='8' tag='787'>
        <subfield code='i'>Originally issued on DVD-ROM:</subfield>
        <subfield code='t'>Esri data &amp; maps, 2003</subfield>
        <subfield code='n'>Located on Esri Data &amp; Maps 2003 (DVD) World \Tables</subfield>
        <subfield code='w'>(OCoLC)51963129</subfield>
      </datafield>
      <datafield ind1='4' ind2='2' tag='856'>
        <subfield code='u'>http://cdn.lib.unc.edu/gis/thumbnails/b68556408.jpg</subfield>
        <subfield code='3'>Thumbnail image</subfield>
      </datafield>
      <datafield ind1='4' ind2='0' tag='856'>
        <subfield code='y'>DOWNLOAD DATA HERE</subfield>
        <subfield code='u'>http://spruce.lib.unc.edu.libproxy.lib.unc.edu/content/gis/esri/dm03/world/cntrywch.zip</subfield>
      </datafield>
      <datafield ind1=' ' ind2=' ' tag='919'>
        <subfield code='a'>EsriDatasets</subfield>
      </datafield>
      <datafield ind1=' ' ind2=' ' tag='907'>
        <subfield code='a'>b6855640</subfield>
      </datafield>
      <datafield ind1='9' ind2='1' tag='999'>
        <subfield code='i'>i9142759</subfield>
        <subfield code='l'>dcyeb</subfield>
        <subfield code='s'>o</subfield>
        <subfield code='t'>43</subfield>
        <subfield code='c'>1</subfield>
        <subfield code='o'>0</subfield>
        <subfield code='p'>099#9</subfield>
        <subfield code='q'>|a10-856</subfield>
        <subfield code='n'>2003</subfield>
      </datafield>
      <datafield ind1='0' ind2='0' tag='999'>
        <subfield code='a'>2012-02-06 00:00:00-05</subfield>
        <subfield code='c'>2011-10-17 14:36:00-04</subfield>
        <subfield code='u'>2016-10-27 15:52:14-04</subfield>
      </datafield>
  </record>