
  <record>
    <leader>00000cam a2200673Ka 4500</leader>
      <controlfield tag='006'>m     o  d</controlfield>
      <controlfield tag='007'>cr cnu|||unuua</controlfield>
      <controlfield tag='008'>111019s2011    gw      obm   000 0 eng d</controlfield>
      <controlfield tag='001'>757738693wcmSPRold</controlfield>
      <controlfield tag='003'>OCoLC</controlfield>
      <controlfield tag='005'>20170728053009.9</controlfield>
      <datafield ind1=' ' ind2=' ' tag='019'>
        <subfield code='a'>779197928wcmSPRold</subfield>
        <subfield code='a'>805928523wcmSPRold</subfield>
        <subfield code='a'>816875653wcmSPRold</subfield>
        <subfield code='a'>823130943wcmSPRold</subfield>
        <subfield code='a'>953826678wcmSPRold</subfield>
        <subfield code='a'>985059668wcmSPRold</subfield>
      </datafield>
      <datafield ind1=' ' ind2=' ' tag='020'>
        <subfield code='a'>1283355736</subfield>
      </datafield>
      <datafield ind1=' ' ind2=' ' tag='020'>
        <subfield code='a'>3531166689</subfield>
      </datafield>
      <datafield ind1=' ' ind2=' ' tag='020'>
        <subfield code='a'>3531931245</subfield>
        <subfield code='q'>electronic bk.</subfield>
      </datafield>
      <datafield ind1=' ' ind2=' ' tag='020'>
        <subfield code='a'>9781283355735</subfield>
      </datafield>
      <datafield ind1=' ' ind2=' ' tag='020'>
        <subfield code='a'>9783531166681</subfield>
      </datafield>
      <datafield ind1=' ' ind2=' ' tag='020'>
        <subfield code='a'>9783531931241</subfield>
        <subfield code='q'>electronic bk.</subfield>
      </datafield>
      <datafield ind1='7' ind2=' ' tag='024'>
        <subfield code='a'>10.1007/978-3-531-93124-1</subfield>
        <subfield code='2'>doi</subfield>
      </datafield>
      <datafield ind1=' ' ind2=' ' tag='035'>
        <subfield code='a'>(OCoLC)757738693</subfield>
        <subfield code='z'>(OCoLC)779197928</subfield>
        <subfield code='z'>(OCoLC)805928523</subfield>
        <subfield code='z'>(OCoLC)816875653</subfield>
        <subfield code='z'>(OCoLC)823130943</subfield>
        <subfield code='z'>(OCoLC)953826678</subfield>
        <subfield code='z'>(OCoLC)985059668</subfield>
      </datafield>
      <datafield ind1=' ' ind2=' ' tag='040'>
        <subfield code='a'>GW5XE</subfield>
        <subfield code='b'>eng</subfield>
        <subfield code='e'>pn</subfield>
        <subfield code='c'>GW5XE</subfield>
        <subfield code='d'>E7B</subfield>
        <subfield code='d'>COO</subfield>
        <subfield code='d'>OCLCQ</subfield>
        <subfield code='d'>YDXCP</subfield>
        <subfield code='d'>OCLCF</subfield>
        <subfield code='d'>BEDGE</subfield>
        <subfield code='d'>DKDLA</subfield>
        <subfield code='d'>OCLCQ</subfield>
        <subfield code='d'>CGU</subfield>
        <subfield code='d'>EBLCP</subfield>
        <subfield code='d'>RRP</subfield>
        <subfield code='d'>IDEBK</subfield>
        <subfield code='d'>DEBSZ</subfield>
        <subfield code='d'>NLGGC</subfield>
        <subfield code='d'>OCLCQ</subfield>
        <subfield code='d'>VT2</subfield>
        <subfield code='d'>OCLCA</subfield>
        <subfield code='d'>Z5A</subfield>
      </datafield>
      <datafield ind1=' ' ind2='4' tag='050'>
        <subfield code='a'>K3268</subfield>
        <subfield code='b'>.T46 2011</subfield>
      </datafield>
      <datafield ind1=' ' ind2='7' tag='072'>
        <subfield code='a'>JPA</subfield>
        <subfield code='2'>bicssc</subfield>
      </datafield>
      <datafield ind1=' ' ind2='7' tag='072'>
        <subfield code='a'>POL000000</subfield>
        <subfield code='2'>bisacsh</subfield>
      </datafield>
      <datafield ind1='0' ind2='4' tag='082'>
        <subfield code='a'>344.01</subfield>
        <subfield code='2'>23</subfield>
      </datafield>
      <datafield ind1=' ' ind2=' ' tag='084'>
        <subfield code='a'>86.63</subfield>
        <subfield code='2'>bcl</subfield>
      </datafield>
      <datafield ind1='1' ind2=' ' tag='100'>
        <subfield code='a'>Thomann, Lars.</subfield>
      </datafield>
      <datafield ind1='1' ind2='0' tag='245'>
        <subfield code='a'>Steps to compliance with international labour standards :</subfield>
        <subfield code='b'>the International Labour Organization (ILO) and the abolition of forced labour /</subfield>
        <subfield code='c'>by Lars Thomann.</subfield>
      </datafield>
      <datafield ind1=' ' ind2=' ' tag='260'>
        <subfield code='a'>Wiesbaden :</subfield>
        <subfield code='b'>VS Verlag für Sozialwissenschaften,</subfield>
        <subfield code='c'>©2011.</subfield>
      </datafield>
      <datafield ind1=' ' ind2=' ' tag='300'>
        <subfield code='a'>1 online resource (384 pages)</subfield>
      </datafield>
      <datafield ind1=' ' ind2=' ' tag='336'>
        <subfield code='a'>text</subfield>
        <subfield code='b'>txt</subfield>
        <subfield code='2'>rdacontent</subfield>
      </datafield>
      <datafield ind1=' ' ind2=' ' tag='337'>
        <subfield code='a'>computer</subfield>
        <subfield code='b'>c</subfield>
        <subfield code='2'>rdamedia</subfield>
      </datafield>
      <datafield ind1=' ' ind2=' ' tag='338'>
        <subfield code='a'>online resource</subfield>
        <subfield code='b'>cr</subfield>
        <subfield code='2'>rdacarrier</subfield>
      </datafield>
      <datafield ind1=' ' ind2=' ' tag='347'>
        <subfield code='a'>text file</subfield>
        <subfield code='b'>PDF</subfield>
        <subfield code='2'>rda</subfield>
      </datafield>
      <datafield ind1=' ' ind2=' ' tag='502'>
        <subfield code='c'>Bremen International Graduate School of Social Sciences</subfield>
        <subfield code='d'>2008</subfield>
      </datafield>
      <datafield ind1=' ' ind2=' ' tag='504'>
        <subfield code='a'>Includes bibliographical references.</subfield>
      </datafield>
      <datafield ind1='1' ind2=' ' tag='506'>
        <subfield code='a'>Access limited to UNC Chapel Hill-authenticated users.</subfield>
        <subfield code='f'>Unlimited simultaneous users</subfield>
      </datafield>
      <datafield ind1='8' ind2=' ' tag='520'>
        <subfield code='a'>Annotation For more than nine decades, the International Labour Organization (ILO) has been responsible for setting up, monitoring, and implementing international labour standards in order to ensure that workers around the globe enjoy minimum social protection and workers&apos; rights. Lars Thomann examines the ILO&apos;s wide ranging efforts to achieve compliance with international labour standards adopted by the organization and ratified by its member states. The author draws on different compliance schools of various strands of international relations theory and discusses them against the background of the ILO&apos;s compliance efforts in general and regarding the abolition of forced labour in particular. He shows that even though the ILO has experience in bringing about compliance given its seniority and is in many cases successful in doing so, it is not well equipped to deal with persistent cases of non-compliance. The book is valuable reading for researchers and students in the field of social sciences, as well as for practitioners working on international labour standards.</subfield>
      </datafield>
      <datafield ind1='2' ind2='0' tag='610'>
        <subfield code='a'>International Labour Organisation</subfield>
        <subfield code='x'>History.</subfield>
      </datafield>
      <datafield ind1='2' ind2='7' tag='610'>
        <subfield code='a'>International Labour Organisation.</subfield>
        <subfield code='2'>fast</subfield>
        <subfield code='0'>(OCoLC)fst00528849</subfield>
      </datafield>
      <datafield ind1=' ' ind2='0' tag='650'>
        <subfield code='a'>Forced labor (International law)</subfield>
      </datafield>
      <datafield ind1=' ' ind2='0' tag='650'>
        <subfield code='a'>Forced labor</subfield>
        <subfield code='x'>Law and legislation.</subfield>
      </datafield>
      <datafield ind1=' ' ind2='7' tag='650'>
        <subfield code='a'>Forced labor (International law)</subfield>
        <subfield code='2'>fast</subfield>
        <subfield code='0'>(OCoLC)fst00931601</subfield>
      </datafield>
      <datafield ind1=' ' ind2='7' tag='650'>
        <subfield code='a'>Forced labor</subfield>
        <subfield code='x'>Law and legislation.</subfield>
        <subfield code='2'>fast</subfield>
        <subfield code='0'>(OCoLC)fst00931597</subfield>
      </datafield>
      <datafield ind1=' ' ind2='4' tag='653'>
        <subfield code='a'>Political Science, general</subfield>
      </datafield>
      <datafield ind1=' ' ind2='4' tag='653'>
        <subfield code='a'>Social sciences</subfield>
      </datafield>
      <datafield ind1=' ' ind2='7' tag='655'>
        <subfield code='a'>History.</subfield>
        <subfield code='2'>fast</subfield>
        <subfield code='0'>(OCoLC)fst01411628</subfield>
      </datafield>
      <datafield ind1='0' ind2=' ' tag='773'>
        <subfield code='t'>OCLC WorldShare Collection Manager managed collection. SPRold</subfield>
      </datafield>
      <datafield ind1='0' ind2=' ' tag='773'>
        <subfield code='t'>Springer e-books (online collection). Humanities, social sciences and law. 2012</subfield>
      </datafield>
      <datafield ind1='0' ind2='8' tag='776'>
        <subfield code='i'>Printed edition:</subfield>
        <subfield code='z'>9783531166681</subfield>
      </datafield>
      <datafield ind1=' ' ind2='0' tag='830'>
        <subfield code='a'>VS research.</subfield>
      </datafield>
      <datafield ind1='4' ind2='0' tag='856'>
        <subfield code='u'>http://libproxy.lib.unc.edu/login?url=http://link.springer.com/10.1007/978-3-531-93124-1</subfield>
        <subfield code='y'>Full text available via the UNC-Chapel Hill Libraries</subfield>
      </datafield>
      <datafield ind1=' ' ind2=' ' tag='907'>
        <subfield code='a'>b6856070</subfield>
      </datafield>
      <datafield ind1='0' ind2='0' tag='999'>
        <subfield code='a'>2016-05-26 00:00:00-04</subfield>
        <subfield code='c'>2011-10-17 16:22:26-04</subfield>
        <subfield code='u'>2017-11-29 11:26:20-05</subfield>
      </datafield>
  </record>