
  <record>
    <leader>00000cam  2200409Ia 4500</leader>
      <controlfield tag='007'>cr bn||||||abp</controlfield>
      <controlfield tag='007'>cr bn||||||cda</controlfield>
      <controlfield tag='008'>761028s1844    enk      b    000 0aeng  </controlfield>
      <controlfield tag='001'>2536506</controlfield>
      <controlfield tag='003'>OCoLC</controlfield>
      <controlfield tag='005'>20120719020931.0</controlfield>
      <datafield ind1=' ' ind2=' ' tag='010'>
        <subfield code='a'>02004941</subfield>
      </datafield>
      <datafield ind1=' ' ind2=' ' tag='035'>
        <subfield code='a'>(OCoLC)2536506</subfield>
      </datafield>
      <datafield ind1=' ' ind2=' ' tag='040'>
        <subfield code='a'>DLC</subfield>
        <subfield code='c'>ISU</subfield>
        <subfield code='d'>ISU</subfield>
        <subfield code='d'>PIT</subfield>
        <subfield code='d'>DIBAM</subfield>
        <subfield code='d'>CGU</subfield>
        <subfield code='d'>CUS</subfield>
      </datafield>
      <datafield ind1='1' ind2=' ' tag='041'>
        <subfield code='a'>eng</subfield>
        <subfield code='h'>spa</subfield>
      </datafield>
      <datafield ind1=' ' ind2=' ' tag='042'>
        <subfield code='a'>dlr</subfield>
      </datafield>
      <datafield ind1=' ' ind2=' ' tag='043'>
        <subfield code='a'>n-mx---</subfield>
      </datafield>
      <datafield ind1=' ' ind2=' ' tag='049'>
        <subfield code='a'>NOCC</subfield>
      </datafield>
      <datafield ind1='1' ind2='4' tag='050'>
        <subfield code='a'>F1230</subfield>
        <subfield code='b'>.D5379 1844</subfield>
      </datafield>
      <datafield ind1='1' ind2=' ' tag='100'>
        <subfield code='a'>Díaz del Castillo, Bernal,</subfield>
        <subfield code='d'>1496-1584.</subfield>
      </datafield>
      <datafield ind1='1' ind2='0' tag='240'>
        <subfield code='a'>Historia verdadera de la conquista de la Nueva-España.</subfield>
        <subfield code='l'>English</subfield>
      </datafield>
      <datafield ind1='1' ind2='4' tag='245'>
        <subfield code='a'>The Memoirs of the conquistador Bernal Diaz del Castillo /</subfield>
        <subfield code='c'>written by himself ; containing a true and full account of the discovery and conquest of Mexico and New Spain ; translated from the original Spanish by John Ingram Lockhart.</subfield>
      </datafield>
      <datafield ind1='1' ind2='8' tag='246'>
        <subfield code='a'>Memoirs: account of the discovery of Mexico</subfield>
      </datafield>
      <datafield ind1=' ' ind2=' ' tag='260'>
        <subfield code='a'>London :</subfield>
        <subfield code='b'>J. Hatchard and Son,</subfield>
        <subfield code='c'>1844.</subfield>
      </datafield>
      <datafield ind1=' ' ind2=' ' tag='300'>
        <subfield code='a'>2 v. ;</subfield>
        <subfield code='c'>22 cm.</subfield>
      </datafield>
      <datafield ind1=' ' ind2=' ' tag='500'>
        <subfield code='a'>Translation of: Historia verdadera de la conquista de la Nueva-España.</subfield>
      </datafield>
      <datafield ind1=' ' ind2=' ' tag='533'>
        <subfield code='3'>v.1-2</subfield>
        <subfield code='a'>Also available as electronic reproduction.</subfield>
        <subfield code='b'>Chicago :</subfield>
        <subfield code='c'>University of Chicago Library,</subfield>
        <subfield code='d'>[2006]</subfield>
      </datafield>
      <datafield ind1=' ' ind2=' ' tag='538'>
        <subfield code='3'>v.1-2</subfield>
        <subfield code='i'>Digital master conforms to:</subfield>
        <subfield code='a'>Benchmark for Faithful Digital Reproductions of Monographs and Serials. Version 1. Digital Library Federation, December 2002</subfield>
        <subfield code='u'>http://www.diglib.org/standards/bmarkfin.htm</subfield>
      </datafield>
      <datafield ind1='1' ind2=' ' tag='583'>
        <subfield code='3'>v.1-2</subfield>
        <subfield code='a'>digitized</subfield>
        <subfield code='c'>2006</subfield>
        <subfield code='h'>University of Chicago Library</subfield>
        <subfield code='l'>committed to preserve</subfield>
        <subfield code='2'>pda</subfield>
        <subfield code='5'>ICU</subfield>
      </datafield>
      <datafield ind1='1' ind2='7' tag='600'>
        <subfield code='a'>DIAZ DEL CASTILLO, BERNAL,</subfield>
        <subfield code='d'>1492-ca.1581.</subfield>
        <subfield code='2'>renib</subfield>
      </datafield>
      <datafield ind1=' ' ind2='0' tag='651'>
        <subfield code='a'>Mexico</subfield>
        <subfield code='x'>History</subfield>
        <subfield code='y'>Conquest, 1519-1540.</subfield>
      </datafield>
      <datafield ind1=' ' ind2='7' tag='651'>
        <subfield code='a'>MEXICO</subfield>
        <subfield code='x'>DESCUBRIMIENTO Y EXPLORACIONES</subfield>
        <subfield code='z'>ESPAÑOLES.</subfield>
        <subfield code='2'>renib</subfield>
      </datafield>
      <datafield ind1='1' ind2=' ' tag='700'>
        <subfield code='a'>Lockhart, John Ingram.</subfield>
      </datafield>
      <datafield ind1='0' ind2='8' tag='776'>
        <subfield code='i'>Online version:</subfield>
        <subfield code='a'>Díaz del Castillo, Bernal, 1496-1584.</subfield>
        <subfield code='s'>Historia verdadera de la conquista de la Nueva-España. English.</subfield>
        <subfield code='t'>Memoirs of the conquistador Bernal Diaz del Castillo.</subfield>
        <subfield code='d'>London : J. Hatchard and Son, 1844</subfield>
        <subfield code='w'>(OCoLC)729309921</subfield>
      </datafield>
      <datafield ind1='4' ind2='1' tag='856'>
        <subfield code='3'>v.1</subfield>
        <subfield code='u'>http://pi.lib.uchicago.edu/1001/dig/pres/2006-1141-1</subfield>
        <subfield code='y'>Full text available via the UNC-Chapel Hill Libraries</subfield>
      </datafield>
      <datafield ind1='4' ind2='1' tag='856'>
        <subfield code='3'>v.2</subfield>
        <subfield code='u'>http://pi.lib.uchicago.edu/1001/dig/pres/2006-1141-2</subfield>
        <subfield code='y'>Full text available via the UNC-Chapel Hill Libraries</subfield>
      </datafield>
      <datafield ind1=' ' ind2=' ' tag='907'>
        <subfield code='a'>b7177098</subfield>
      </datafield>
      <datafield ind1='9' ind2='1' tag='999'>
        <subfield code='i'>i9675068</subfield>
        <subfield code='l'>wcdd</subfield>
        <subfield code='s'>o</subfield>
        <subfield code='t'>0</subfield>
        <subfield code='c'>1</subfield>
        <subfield code='o'>0</subfield>
        <subfield code='p'>099#9</subfield>
        <subfield code='q'>|aStuart|a130016</subfield>
        <subfield code='n'>Vol. 1-2</subfield>
      </datafield>
      <datafield ind1='0' ind2='0' tag='999'>
        <subfield code='a'></subfield>
        <subfield code='c'>2012-07-19 14:09:00-04</subfield>
        <subfield code='u'>2018-03-27 15:10:44-04</subfield>
      </datafield>
  </record>