
  <record>
    <leader>00000npcaa2201321Ia 4500</leader>
      <controlfield tag='008'>130301i19692010xxu                 eng d</controlfield>
      <controlfield tag='001'>828736540</controlfield>
      <controlfield tag='003'>OCoLC</controlfield>
      <controlfield tag='005'>20130301031420.0</controlfield>
      <datafield ind1=' ' ind2=' ' tag='035'>
        <subfield code='a'>(OCoLC)828736540</subfield>
      </datafield>
      <datafield ind1=' ' ind2=' ' tag='040'>
        <subfield code='a'>NOC</subfield>
        <subfield code='e'>dacs</subfield>
        <subfield code='c'>NOC</subfield>
      </datafield>
      <datafield ind1=' ' ind2=' ' tag='049'>
        <subfield code='a'>OFC#</subfield>
      </datafield>
      <datafield ind1='1' ind2=' ' tag='100'>
        <subfield code='a'>Thurber, Cheryl.</subfield>
      </datafield>
      <datafield ind1='1' ind2='0' tag='245'>
        <subfield code='a'>Cheryl Thurber photographic and related materials collection,</subfield>
        <subfield code='f'>circa 1969-2010.</subfield>
      </datafield>
      <datafield ind1=' ' ind2=' ' tag='300'>
        <subfield code='a'>About 5890</subfield>
        <subfield code='f'>items (6.0 linear feet)</subfield>
      </datafield>
      <datafield ind1=' ' ind2=' ' tag='500'>
        <subfield code='a'>In the Southern Folklife Collection, University of North Carolina at Chapel Hill (#20482).</subfield>
      </datafield>
      <datafield ind1='8' ind2=' ' tag='520'>
        <subfield code='a'>The collection includes images documenting southern musical traditions that were taken by Cheryl Thurber during research trips, circa 1969-1989. Most of the photographs document African American communities in rural Mississippi and highlight the musicians and musical and cultural traditions found in local communities. Subjects include musicians, musical instruments, music festivals and picnics, recording sessions, church services, and gospel programs. Other locations include Prairieville, Ala.; Los Angeles, San Raphael, and Yosemite National Park, Calif.; Savannah, Statesboro, and Thomson, Ga.; Bogalusa, La.; and Memphis, Tenn. There are also photographs of Thurber&apos;s daughters, Phoebe Evans Letocha and Chloe Evans O&apos;Hearn, and related activities such as Girl Scouts. Related Materials consist of an excel spreadsheet with descriptive information about Cheryl Thurber&apos;s photographs, including reel numbers for corresponding field tape recordings held by David Evans; a notebook and loose notes with original descriptions of selected photographs; correspondence concerning publication and reprint requests; and an exhibit description.</subfield>
      </datafield>
      <datafield ind1=' ' ind2=' ' tag='541'>
        <subfield code='c'>Acquired</subfield>
        <subfield code='d'>2011.</subfield>
      </datafield>
      <datafield ind1='1' ind2=' ' tag='544'>
        <subfield code='d'>William R. Ferris Collection, #20367 in the,</subfield>
        <subfield code='a'>Southern Folklife Collection, University of North Carolina at Chapel Hill.</subfield>
      </datafield>
      <datafield ind1=' ' ind2=' ' tag='545'>
        <subfield code='a'>Cheryl Thurber is an interdisciplinary scholar, cultural historian, folklorist, and photographer. During the 1970s and 1980s, Thurber traveled with fellow folklorist and music historian David Evans through Mississippi, Alabama, Georgia, Tennessee, Texas, Louisiana, and California, documenting African American communities, local musicians, and local musical traditions.</subfield>
      </datafield>
      <datafield ind1='1' ind2='0' tag='600'>
        <subfield code='a'>Bogan, Wilson.</subfield>
      </datafield>
      <datafield ind1='1' ind2='0' tag='600'>
        <subfield code='a'>Buford, L. P.</subfield>
      </datafield>
      <datafield ind1='1' ind2='0' tag='600'>
        <subfield code='a'>Burnette, Ranie.</subfield>
      </datafield>
      <datafield ind1='1' ind2='0' tag='600'>
        <subfield code='a'>Burnside, R. L.</subfield>
        <subfield code='q'>(Rural L.),</subfield>
        <subfield code='d'>1926-2005.</subfield>
      </datafield>
      <datafield ind1='1' ind2='0' tag='600'>
        <subfield code='a'>Evans, David,</subfield>
        <subfield code='d'>1944-</subfield>
      </datafield>
      <datafield ind1='1' ind2='0' tag='600'>
        <subfield code='a'>Hemphill, Jessie Mae.</subfield>
      </datafield>
      <datafield ind1='1' ind2='0' tag='600'>
        <subfield code='a'>Hunt, Van Zula.</subfield>
      </datafield>
      <datafield ind1='1' ind2='0' tag='600'>
        <subfield code='a'>Jones, Compton.</subfield>
      </datafield>
      <datafield ind1='1' ind2='0' tag='600'>
        <subfield code='a'>Kimbrough, Junior,</subfield>
        <subfield code='d'>1930-1998.</subfield>
      </datafield>
      <datafield ind1='1' ind2='0' tag='600'>
        <subfield code='a'>Lewis, Furry,</subfield>
        <subfield code='d'>1893-1981.</subfield>
      </datafield>
      <datafield ind1='1' ind2='0' tag='600'>
        <subfield code='a'>McTell, Blind Willie.</subfield>
      </datafield>
      <datafield ind1='1' ind2='0' tag='600'>
        <subfield code='a'>Nixon, Hammie.</subfield>
      </datafield>
      <datafield ind1='1' ind2='0' tag='600'>
        <subfield code='a'>Odum, Howard Washington,</subfield>
        <subfield code='d'>1884-1954.</subfield>
      </datafield>
      <datafield ind1='1' ind2='0' tag='600'>
        <subfield code='a'>Owens, Eli.</subfield>
      </datafield>
      <datafield ind1='1' ind2='0' tag='600'>
        <subfield code='a'>Owens, Jack.</subfield>
      </datafield>
      <datafield ind1='1' ind2='0' tag='600'>
        <subfield code='a'>Presley, Elvis,</subfield>
        <subfield code='d'>1935-1977.</subfield>
      </datafield>
      <datafield ind1='1' ind2='0' tag='600'>
        <subfield code='a'>Ryan, Marc,</subfield>
        <subfield code='d'>1945-</subfield>
      </datafield>
      <datafield ind1='1' ind2='0' tag='600'>
        <subfield code='a'>Seroff, Doug.</subfield>
      </datafield>
      <datafield ind1='1' ind2='0' tag='600'>
        <subfield code='a'>Smith, Lucius.</subfield>
      </datafield>
      <datafield ind1='1' ind2='0' tag='600'>
        <subfield code='a'>Strickland, Napoleon.</subfield>
      </datafield>
      <datafield ind1='1' ind2='0' tag='600'>
        <subfield code='a'>Thurber, Cheryl.</subfield>
      </datafield>
      <datafield ind1='1' ind2='0' tag='600'>
        <subfield code='a'>Turner, Othar.</subfield>
      </datafield>
      <datafield ind1='1' ind2='0' tag='600'>
        <subfield code='a'>Valiant, Margaret,</subfield>
        <subfield code='d'>1901-1982.</subfield>
      </datafield>
      <datafield ind1='1' ind2='0' tag='600'>
        <subfield code='a'>Vinson, Mose,</subfield>
        <subfield code='d'>1917-2002.</subfield>
      </datafield>
      <datafield ind1='1' ind2='0' tag='600'>
        <subfield code='a'>Williams, Big Joe,</subfield>
        <subfield code='d'>1903-1982.</subfield>
      </datafield>
      <datafield ind1='1' ind2='0' tag='600'>
        <subfield code='a'>Willis, Lester.</subfield>
      </datafield>
      <datafield ind1='1' ind2='0' tag='600'>
        <subfield code='a'>Willis, Mott.</subfield>
      </datafield>
      <datafield ind1='1' ind2='0' tag='600'>
        <subfield code='a'>Young, G. D.</subfield>
      </datafield>
      <datafield ind1='2' ind2='0' tag='610'>
        <subfield code='a'>Fieldstones (Musical group)</subfield>
      </datafield>
      <datafield ind1=' ' ind2='0' tag='650'>
        <subfield code='a'>African American gospel singers.</subfield>
      </datafield>
      <datafield ind1=' ' ind2='0' tag='650'>
        <subfield code='a'>African Americans</subfield>
        <subfield code='z'>Mississippi.</subfield>
      </datafield>
      <datafield ind1=' ' ind2='0' tag='650'>
        <subfield code='a'>African Americans</subfield>
        <subfield code='v'>Photographs.</subfield>
      </datafield>
      <datafield ind1=' ' ind2='0' tag='650'>
        <subfield code='a'>African Americans</subfield>
        <subfield code='x'>Social life and customs.</subfield>
      </datafield>
      <datafield ind1=' ' ind2='0' tag='650'>
        <subfield code='a'>African Americans</subfield>
        <subfield code='v'>Songs and music.</subfield>
      </datafield>
      <datafield ind1=' ' ind2='0' tag='650'>
        <subfield code='a'>Blues musicians.</subfield>
      </datafield>
      <datafield ind1=' ' ind2='0' tag='650'>
        <subfield code='a'>Civilization</subfield>
        <subfield code='x'>History</subfield>
        <subfield code='x'>Study and teaching.</subfield>
      </datafield>
      <datafield ind1=' ' ind2='0' tag='650'>
        <subfield code='a'>Fife and drum corps.</subfield>
      </datafield>
      <datafield ind1=' ' ind2='0' tag='650'>
        <subfield code='a'>Folklore</subfield>
        <subfield code='z'>United States.</subfield>
      </datafield>
      <datafield ind1=' ' ind2='0' tag='650'>
        <subfield code='a'>Folklorists</subfield>
        <subfield code='z'>United States.</subfield>
      </datafield>
      <datafield ind1=' ' ind2='0' tag='650'>
        <subfield code='a'>Girl Scouts.</subfield>
      </datafield>
      <datafield ind1=' ' ind2='0' tag='650'>
        <subfield code='a'>Gospel musicians.</subfield>
      </datafield>
      <datafield ind1=' ' ind2='0' tag='650'>
        <subfield code='a'>Jug bands.</subfield>
      </datafield>
      <datafield ind1=' ' ind2='0' tag='650'>
        <subfield code='a'>Music festivals</subfield>
        <subfield code='z'>United States.</subfield>
      </datafield>
      <datafield ind1=' ' ind2='0' tag='650'>
        <subfield code='a'>Music</subfield>
        <subfield code='z'>United States.</subfield>
      </datafield>
      <datafield ind1=' ' ind2='0' tag='650'>
        <subfield code='a'>Musical instruments</subfield>
        <subfield code='z'>United States.</subfield>
      </datafield>
      <datafield ind1=' ' ind2='0' tag='650'>
        <subfield code='a'>Musicians</subfield>
        <subfield code='z'>United States.</subfield>
      </datafield>
      <datafield ind1=' ' ind2='0' tag='650'>
        <subfield code='a'>Picnics.</subfield>
      </datafield>
      <datafield ind1=' ' ind2='0' tag='650'>
        <subfield code='a'>Country life</subfield>
        <subfield code='v'>Photographs.</subfield>
      </datafield>
      <datafield ind1=' ' ind2='0' tag='651'>
        <subfield code='a'>Alabama</subfield>
        <subfield code='v'>Photographs.</subfield>
      </datafield>
      <datafield ind1=' ' ind2='0' tag='651'>
        <subfield code='a'>California</subfield>
        <subfield code='v'>Photographs.</subfield>
      </datafield>
      <datafield ind1=' ' ind2='0' tag='651'>
        <subfield code='a'>Bentonia (Miss.)</subfield>
        <subfield code='v'>Photographs.</subfield>
      </datafield>
      <datafield ind1=' ' ind2='0' tag='651'>
        <subfield code='a'>Bessemer (Ala.)</subfield>
        <subfield code='v'>Photographs.</subfield>
      </datafield>
      <datafield ind1=' ' ind2='0' tag='651'>
        <subfield code='a'>Birmingham (Ala.)</subfield>
        <subfield code='v'>Photographs.</subfield>
      </datafield>
      <datafield ind1=' ' ind2='0' tag='651'>
        <subfield code='a'>Bogalusa (La.)</subfield>
        <subfield code='v'>Photographs.</subfield>
      </datafield>
      <datafield ind1=' ' ind2='0' tag='651'>
        <subfield code='a'>Coldwater (Miss.)</subfield>
        <subfield code='v'>Photographs.</subfield>
      </datafield>
      <datafield ind1=' ' ind2='0' tag='651'>
        <subfield code='a'>Como (Miss.)</subfield>
        <subfield code='v'>Photographs.</subfield>
      </datafield>
      <datafield ind1=' ' ind2='0' tag='651'>
        <subfield code='a'>Crystal Springs (Miss.)</subfield>
        <subfield code='v'>Photographs.</subfield>
      </datafield>
      <datafield ind1=' ' ind2='0' tag='651'>
        <subfield code='a'>Drew (Miss.)</subfield>
        <subfield code='v'>Photographs.</subfield>
      </datafield>
      <datafield ind1=' ' ind2='0' tag='651'>
        <subfield code='a'>Georgia</subfield>
        <subfield code='v'>Photographs.</subfield>
      </datafield>
      <datafield ind1=' ' ind2='0' tag='651'>
        <subfield code='a'>Gravel Springs (Miss.)</subfield>
        <subfield code='v'>Photographs.</subfield>
      </datafield>
      <datafield ind1=' ' ind2='0' tag='651'>
        <subfield code='a'>Hernando (Miss.)</subfield>
        <subfield code='v'>Photographs.</subfield>
      </datafield>
      <datafield ind1=' ' ind2='0' tag='651'>
        <subfield code='a'>Holly Springs (Miss.)</subfield>
        <subfield code='v'>Photographs.</subfield>
      </datafield>
      <datafield ind1=' ' ind2='0' tag='651'>
        <subfield code='a'>Hopi Indian Reservation (Ariz.)</subfield>
        <subfield code='v'>Photographs.</subfield>
      </datafield>
      <datafield ind1=' ' ind2='0' tag='651'>
        <subfield code='a'>Los Angeles (Calif.)</subfield>
        <subfield code='v'>Photographs.</subfield>
      </datafield>
      <datafield ind1=' ' ind2='0' tag='651'>
        <subfield code='a'>Louisiana</subfield>
        <subfield code='v'>Photographs.</subfield>
      </datafield>
      <datafield ind1=' ' ind2='0' tag='651'>
        <subfield code='a'>Lowndes County (Miss.)</subfield>
        <subfield code='v'>Photographs.</subfield>
      </datafield>
      <datafield ind1=' ' ind2='0' tag='651'>
        <subfield code='a'>Marshall County (Miss.)</subfield>
        <subfield code='v'>Photographs.</subfield>
      </datafield>
      <datafield ind1=' ' ind2='0' tag='651'>
        <subfield code='a'>Memphis (Tenn.)</subfield>
        <subfield code='v'>Photographs.</subfield>
      </datafield>
      <datafield ind1=' ' ind2='0' tag='651'>
        <subfield code='a'>Mississippi</subfield>
        <subfield code='v'>Photographs.</subfield>
      </datafield>
      <datafield ind1=' ' ind2='0' tag='651'>
        <subfield code='a'>Nevada</subfield>
        <subfield code='v'>Photographs.</subfield>
      </datafield>
      <datafield ind1=' ' ind2='0' tag='651'>
        <subfield code='a'>Panola County (Miss.)</subfield>
        <subfield code='v'>Photographs.</subfield>
      </datafield>
      <datafield ind1=' ' ind2='0' tag='651'>
        <subfield code='a'>Pope (Miss.)</subfield>
        <subfield code='v'>Photographs.</subfield>
      </datafield>
      <datafield ind1=' ' ind2='0' tag='651'>
        <subfield code='a'>Prairieville (Ala.)</subfield>
        <subfield code='v'>Photographs.</subfield>
      </datafield>
      <datafield ind1=' ' ind2='0' tag='651'>
        <subfield code='a'>San Raphael (Calif.)</subfield>
        <subfield code='v'>Photographs.</subfield>
      </datafield>
      <datafield ind1=' ' ind2='0' tag='651'>
        <subfield code='a'>Sardis (Miss.)</subfield>
        <subfield code='v'>Photographs.</subfield>
      </datafield>
      <datafield ind1=' ' ind2='0' tag='651'>
        <subfield code='a'>Savannah (Ga.)</subfield>
        <subfield code='v'>Photographs.</subfield>
      </datafield>
      <datafield ind1=' ' ind2='0' tag='651'>
        <subfield code='a'>Senatobia (Miss.)</subfield>
        <subfield code='v'>Photographs.</subfield>
      </datafield>
      <datafield ind1=' ' ind2='0' tag='651'>
        <subfield code='a'>Statesboro (Ga.)</subfield>
        <subfield code='v'>Photographs.</subfield>
      </datafield>
      <datafield ind1=' ' ind2='0' tag='651'>
        <subfield code='a'>Tate County (Miss.)</subfield>
        <subfield code='v'>Photographs.</subfield>
      </datafield>
      <datafield ind1=' ' ind2='0' tag='651'>
        <subfield code='a'>Tennessee</subfield>
        <subfield code='v'>Photographs.</subfield>
      </datafield>
      <datafield ind1=' ' ind2='0' tag='651'>
        <subfield code='a'>Texas</subfield>
        <subfield code='v'>Photographs.</subfield>
      </datafield>
      <datafield ind1=' ' ind2='0' tag='651'>
        <subfield code='a'>Thomson (Ga.)</subfield>
        <subfield code='v'>Photographs.</subfield>
      </datafield>
      <datafield ind1=' ' ind2='0' tag='651'>
        <subfield code='a'>Tyro (Miss.)</subfield>
        <subfield code='v'>Photographs.</subfield>
      </datafield>
      <datafield ind1=' ' ind2='0' tag='651'>
        <subfield code='a'>Wyatte (Miss.)</subfield>
        <subfield code='v'>Photographs.</subfield>
      </datafield>
      <datafield ind1=' ' ind2='0' tag='651'>
        <subfield code='a'>Yazoo County (Miss.)</subfield>
        <subfield code='v'>Photographs.</subfield>
      </datafield>
      <datafield ind1=' ' ind2='0' tag='651'>
        <subfield code='a'>Yosemite National Park (Calif.)</subfield>
        <subfield code='v'>Photographs.</subfield>
      </datafield>
      <datafield ind1=' ' ind2='7' tag='655'>
        <subfield code='a'>Photographs.</subfield>
        <subfield code='2'>lcgft</subfield>
      </datafield>
      <datafield ind1='4' ind2='2' tag='856'>
        <subfield code='3'>Finding aid</subfield>
        <subfield code='u'>http://finding-aids.lib.unc.edu/20482/</subfield>
      </datafield>
      <datafield ind1=' ' ind2=' ' tag='907'>
        <subfield code='a'>b7335781</subfield>
      </datafield>
      <datafield ind1='9' ind2='1' tag='999'>
        <subfield code='i'>i9906719</subfield>
        <subfield code='l'>wadb</subfield>
        <subfield code='s'>o</subfield>
        <subfield code='t'>24</subfield>
        <subfield code='c'>1</subfield>
        <subfield code='o'>0</subfield>
        <subfield code='p'>099#9</subfield>
        <subfield code='q'>|a20482</subfield>
      </datafield>
      <datafield ind1='0' ind2='0' tag='999'>
        <subfield code='a'>2013-03-01 00:00:00-05</subfield>
        <subfield code='c'>2013-03-01 15:14:00-05</subfield>
        <subfield code='u'>2016-10-23 08:44:08-04</subfield>
      </datafield>
  </record>