
  <record>
    <leader>00000nam a2200457Ii 4500</leader>
      <controlfield tag='006'>m     o  d</controlfield>
      <controlfield tag='007'>cr |n||||a||||</controlfield>
      <controlfield tag='008'>130415s2012    miua    obm   000 0 eng d</controlfield>
      <controlfield tag='001'>839300270</controlfield>
      <controlfield tag='003'>OCoLC</controlfield>
      <controlfield tag='005'>20130415020805.0</controlfield>
      <datafield ind1='5' ind2='2' tag='028'>
        <subfield code='a'>1531647</subfield>
        <subfield code='b'>UMI number</subfield>
      </datafield>
      <datafield ind1=' ' ind2=' ' tag='035'>
        <subfield code='a'>(OCoLC)839300270</subfield>
      </datafield>
      <datafield ind1=' ' ind2=' ' tag='040'>
        <subfield code='a'>NOC</subfield>
        <subfield code='c'>NOC</subfield>
      </datafield>
      <datafield ind1=' ' ind2=' ' tag='049'>
        <subfield code='a'>NOCC</subfield>
      </datafield>
      <datafield ind1=' ' ind2='4' tag='050'>
        <subfield code='a'>ML2854</subfield>
      </datafield>
      <datafield ind1='1' ind2=' ' tag='100'>
        <subfield code='a'>Rocha, Suzanne M.,</subfield>
        <subfield code='e'>author.</subfield>
      </datafield>
      <datafield ind1='1' ind2='0' tag='245'>
        <subfield code='a'>Coherence and independence in the song cycle :</subfield>
        <subfield code='b'>a study of four song cycles by Schumann, Hoiby, Poulenc and Falla /</subfield>
        <subfield code='c'>by Suzanne M. Rocha, B.M.</subfield>
      </datafield>
      <datafield ind1=' ' ind2='1' tag='264'>
        <subfield code='a'>Ann Arbor, Mich. :</subfield>
        <subfield code='b'>ProQuest,</subfield>
        <subfield code='c'>2012.</subfield>
      </datafield>
      <datafield ind1=' ' ind2=' ' tag='300'>
        <subfield code='a'>1 online resource (xi, 64 pages) :</subfield>
        <subfield code='b'>text file (PDF), illustrations, music</subfield>
      </datafield>
      <datafield ind1=' ' ind2=' ' tag='336'>
        <subfield code='a'>text</subfield>
        <subfield code='2'>rdacontent</subfield>
      </datafield>
      <datafield ind1=' ' ind2=' ' tag='337'>
        <subfield code='a'>computer</subfield>
        <subfield code='2'>rdamedia</subfield>
      </datafield>
      <datafield ind1=' ' ind2=' ' tag='338'>
        <subfield code='a'>online resource</subfield>
        <subfield code='2'>rdacarrier</subfield>
      </datafield>
      <datafield ind1=' ' ind2=' ' tag='502'>
        <subfield code='g'>Recital document</subfield>
        <subfield code='b'>Master of Music in Performance and Vocal Pedagogy</subfield>
        <subfield code='c'>University of Texas at San Antonio</subfield>
        <subfield code='d'>2012.</subfield>
      </datafield>
      <datafield ind1=' ' ind2=' ' tag='504'>
        <subfield code='a'>Includes bibliographical references (pages 58-64).</subfield>
      </datafield>
      <datafield ind1=' ' ind2=' ' tag='538'>
        <subfield code='a'>System requirements: Adobe Acrobat reader.</subfield>
      </datafield>
      <datafield ind1=' ' ind2=' ' tag='588'>
        <subfield code='a'>Description based on online resource; title from PDF title (viewed April 15, 2013).</subfield>
      </datafield>
      <datafield ind1='1' ind2='0' tag='600'>
        <subfield code='a'>Schumann, Robert,</subfield>
        <subfield code='d'>1810-1856.</subfield>
        <subfield code='t'>Frauenliebe und Leben.</subfield>
      </datafield>
      <datafield ind1='1' ind2='0' tag='600'>
        <subfield code='a'>Hoiby, Lee.</subfield>
        <subfield code='t'>Life of the bee.</subfield>
      </datafield>
      <datafield ind1='1' ind2='0' tag='600'>
        <subfield code='a'>Poulenc, Francis,</subfield>
        <subfield code='d'>1899-1963.</subfield>
        <subfield code='t'>Courte paille.</subfield>
      </datafield>
      <datafield ind1='1' ind2='0' tag='600'>
        <subfield code='a'>Falla, Manuel de,</subfield>
        <subfield code='d'>1876-1946.</subfield>
        <subfield code='t'>Siete canciones populares española.</subfield>
      </datafield>
      <datafield ind1=' ' ind2='0' tag='650'>
        <subfield code='a'>Song cycles</subfield>
        <subfield code='x'>History and criticism.</subfield>
      </datafield>
      <datafield ind1=' ' ind2='7' tag='655'>
        <subfield code='a'>Electronic dissertations.</subfield>
        <subfield code='2'>lcgft</subfield>
      </datafield>
      <datafield ind1='4' ind2='0' tag='856'>
        <subfield code='y'>Full text available via the UNC-Chapel Hill Libraries</subfield>
        <subfield code='u'>http://libproxy.lib.unc.edu/login?url=http://search.proquest.com//docview/1282400844?accountid=14244</subfield>
      </datafield>
      <datafield ind1=' ' ind2=' ' tag='907'>
        <subfield code='a'>b7386333</subfield>
      </datafield>
      <datafield ind1='0' ind2='0' tag='999'>
        <subfield code='a'>2013-04-15 00:00:00-04</subfield>
        <subfield code='c'>2013-04-15 14:08:00-04</subfield>
        <subfield code='u'>2016-10-23 09:01:02-04</subfield>
      </datafield>
  </record>