
  <record>
    <leader>00000cgm a2200637Mi 4500</leader>
      <controlfield tag='007'>vd cvaizu</controlfield>
      <controlfield tag='008'>120726p20122004cau018            vleng  </controlfield>
      <controlfield tag='001'>809132106</controlfield>
      <controlfield tag='003'>OCoLC</controlfield>
      <controlfield tag='005'>20140814124638.0</controlfield>
      <datafield ind1=' ' ind2=' ' tag='020'>
        <subfield code='a'>9781601242938 (Group License)</subfield>
      </datafield>
      <datafield ind1=' ' ind2=' ' tag='020'>
        <subfield code='a'>160124293X (Group License)</subfield>
      </datafield>
      <datafield ind1='0' ind2=' ' tag='029'>
        <subfield code='a'>AU@</subfield>
        <subfield code='b'>000049911378</subfield>
      </datafield>
      <datafield ind1='1' ind2=' ' tag='029'>
        <subfield code='a'>NZ1</subfield>
        <subfield code='b'>14684541</subfield>
      </datafield>
      <datafield ind1='1' ind2=' ' tag='029'>
        <subfield code='a'>AU@</subfield>
        <subfield code='b'>000052217033</subfield>
      </datafield>
      <datafield ind1=' ' ind2=' ' tag='035'>
        <subfield code='a'>(OCoLC)809132106</subfield>
      </datafield>
      <datafield ind1=' ' ind2=' ' tag='040'>
        <subfield code='a'>AU@</subfield>
        <subfield code='b'>eng</subfield>
        <subfield code='e'>rda</subfield>
        <subfield code='c'>AU@</subfield>
        <subfield code='d'>OCLCO</subfield>
        <subfield code='d'>OCLCF</subfield>
        <subfield code='d'>NOH</subfield>
      </datafield>
      <datafield ind1='0' ind2=' ' tag='041'>
        <subfield code='a'>eng</subfield>
        <subfield code='j'>eng</subfield>
      </datafield>
      <datafield ind1=' ' ind2=' ' tag='049'>
        <subfield code='a'>NOHA</subfield>
      </datafield>
      <datafield ind1='0' ind2='4' tag='082'>
        <subfield code='a'>616.8521</subfield>
        <subfield code='2'>23</subfield>
      </datafield>
      <datafield ind1='0' ind2='0' tag='245'>
        <subfield code='a'>Living with PTSD :</subfield>
        <subfield code='b'>lessons for partners, friends and supporters.</subfield>
      </datafield>
      <datafield ind1='3' ind2='3' tag='246'>
        <subfield code='a'>Living with post traumatic stress disorder</subfield>
      </datafield>
      <datafield ind1=' ' ind2=' ' tag='250'>
        <subfield code='a'>Institutional/instructor&apos;s version.</subfield>
      </datafield>
      <datafield ind1=' ' ind2='1' tag='264'>
        <subfield code='a'>[Camden, Me.] :</subfield>
        <subfield code='b'>Gift from Within,</subfield>
        <subfield code='c'>2004.</subfield>
      </datafield>
      <datafield ind1=' ' ind2='1' tag='264'>
        <subfield code='a'>[New York, N.Y.] :</subfield>
        <subfield code='b'>Post Office Editorial,</subfield>
        <subfield code='c'>2004.</subfield>
      </datafield>
      <datafield ind1=' ' ind2='3' tag='264'>
        <subfield code='a'>Mill Valley, CA :</subfield>
        <subfield code='b'>[Distributed by] Psychotherapy.net,</subfield>
        <subfield code='c'>2012.</subfield>
      </datafield>
      <datafield ind1=' ' ind2='4' tag='264'>
        <subfield code='c'>©2004</subfield>
      </datafield>
      <datafield ind1=' ' ind2=' ' tag='300'>
        <subfield code='a'>1 videodisc (18 minutes) :</subfield>
        <subfield code='b'>sound, color ;</subfield>
        <subfield code='c'>4 3/4 in.</subfield>
      </datafield>
      <datafield ind1=' ' ind2=' ' tag='336'>
        <subfield code='a'>two-dimensional moving image</subfield>
        <subfield code='b'>tdi</subfield>
        <subfield code='2'>rdacontent</subfield>
      </datafield>
      <datafield ind1=' ' ind2=' ' tag='337'>
        <subfield code='a'>video</subfield>
        <subfield code='b'>v</subfield>
        <subfield code='2'>rdamedia</subfield>
      </datafield>
      <datafield ind1=' ' ind2=' ' tag='338'>
        <subfield code='a'>videodisc</subfield>
        <subfield code='b'>vd</subfield>
        <subfield code='2'>rdacarrier</subfield>
      </datafield>
      <datafield ind1=' ' ind2=' ' tag='508'>
        <subfield code='a'>Executive producer; Joyce Boaz.</subfield>
      </datafield>
      <datafield ind1='0' ind2=' ' tag='511'>
        <subfield code='a'>Featured experts: Dr. Frank Ochberg and Dr. Angelea Panos.</subfield>
      </datafield>
      <datafield ind1=' ' ind2=' ' tag='520'>
        <subfield code='a'>Watch two trauma experts offer family and community members clear, useful information about the nature and symptoms of PTSD, as well as concrete advice about how they can assist their loved ones in the recovery process. Friends, relatives, and caretakers of trauma survivors often struggle to understand the wrenching depth and complexity of PTSD, even as the fallout from this medical disorder pervades their lives. It can be confusing and frustrating, even heartbreaking, to see those close to us suddenly become unrecognizable, well past what we think is the &quot;normal recovery period&quot; after a tragic or horrific event. This film, featuring Dr. Frank Ochberg and Dr. Angelea Panos, offers family and community members clear, useful information about the nature and symptoms of PTSD, as well as concrete advice about how they can assist their loved ones in the recovery process. Designed for those individuals whose intimate circles have been marked by this disorder, this valuable DVD also discusses PTSD&apos;s effect upon families and other relationships, currently available treatment methods, and ways for caregivers to cope with their unique psychological fatigue. This DVD is ideal for those close to someone who suffers PTSD, as well as for community, volunteer, and caregiver training.</subfield>
      </datafield>
      <datafield ind1='8' ind2=' ' tag='526'>
        <subfield code='a'>CE credits available from Psychotherapy.net</subfield>
      </datafield>
      <datafield ind1=' ' ind2=' ' tag='538'>
        <subfield code='a'>DVD-R format. This disc is a recorded DVD and may fail to play on some DVD equipment.</subfield>
      </datafield>
      <datafield ind1=' ' ind2=' ' tag='546'>
        <subfield code='a'>In English, with English subtitles.</subfield>
      </datafield>
      <datafield ind1=' ' ind2='0' tag='650'>
        <subfield code='a'>Post-traumatic stress disorder.</subfield>
      </datafield>
      <datafield ind1=' ' ind2='2' tag='650'>
        <subfield code='a'>Stress Disorders, Post-Traumatic</subfield>
        <subfield code='x'>rehabilitation.</subfield>
      </datafield>
      <datafield ind1=' ' ind2='2' tag='650'>
        <subfield code='a'>Social Support.</subfield>
      </datafield>
      <datafield ind1=' ' ind2='0' tag='650'>
        <subfield code='a'>Stress (Psychology)</subfield>
      </datafield>
      <datafield ind1=' ' ind2='7' tag='650'>
        <subfield code='a'>Post-traumatic stress disorder.</subfield>
        <subfield code='2'>fast</subfield>
        <subfield code='0'>(OCoLC)fst01072762</subfield>
      </datafield>
      <datafield ind1=' ' ind2='7' tag='650'>
        <subfield code='a'>Stress (Psychology)</subfield>
        <subfield code='2'>fast</subfield>
        <subfield code='0'>(OCoLC)fst01134918</subfield>
      </datafield>
      <datafield ind1='1' ind2=' ' tag='700'>
        <subfield code='a'>Boaz, Joyce,</subfield>
        <subfield code='e'>producer.</subfield>
      </datafield>
      <datafield ind1='1' ind2=' ' tag='700'>
        <subfield code='a'>Ochberg, Frank M.,</subfield>
        <subfield code='d'>1940-</subfield>
        <subfield code='e'>on-screen presenter.</subfield>
      </datafield>
      <datafield ind1='1' ind2=' ' tag='700'>
        <subfield code='a'>Panos, Angelea,</subfield>
        <subfield code='e'>on-screen presenter.</subfield>
      </datafield>
      <datafield ind1='2' ind2=' ' tag='710'>
        <subfield code='a'>Gift from Within (Firm),</subfield>
        <subfield code='e'>production company.</subfield>
      </datafield>
      <datafield ind1='2' ind2=' ' tag='710'>
        <subfield code='a'>Post Office Editorial (Firm),</subfield>
        <subfield code='e'>production company.</subfield>
      </datafield>
      <datafield ind1='2' ind2=' ' tag='710'>
        <subfield code='a'>Psychotherapy.net,</subfield>
        <subfield code='e'>distributor.</subfield>
      </datafield>
      <datafield ind1=' ' ind2=' ' tag='907'>
        <subfield code='a'>b7402489</subfield>
      </datafield>
      <datafield ind1='9' ind2='1' tag='999'>
        <subfield code='i'>i10435254</subfield>
        <subfield code='l'>noha</subfield>
        <subfield code='s'>-</subfield>
        <subfield code='t'>60</subfield>
        <subfield code='c'>1</subfield>
        <subfield code='o'>0</subfield>
        <subfield code='b'>H00505926R</subfield>
        <subfield code='p'>096##</subfield>
        <subfield code='q'>|aWM 172.5|bL785 2004</subfield>
      </datafield>
      <datafield ind1='0' ind2='0' tag='999'>
        <subfield code='a'>2014-08-14 00:00:00-04</subfield>
        <subfield code='c'>2013-05-15 14:11:00-04</subfield>
        <subfield code='u'>2014-09-12 13:24:52-04</subfield>
      </datafield>
  </record>