
  <record>
    <leader>00000nam a2200493Ia 4500</leader>
      <controlfield tag='006'>m     o  d</controlfield>
      <controlfield tag='008'>120912s1570    it      o     000 0 ita d</controlfield>
      <controlfield tag='007'>cr unu</controlfield>
      <controlfield tag='001'>809803991eeubo</controlfield>
      <controlfield tag='003'>OCoLC</controlfield>
      <controlfield tag='005'>20120912150120.0</controlfield>
      <datafield ind1=' ' ind2=' ' tag='035'>
        <subfield code='a'>(OCoLC)809803991</subfield>
      </datafield>
      <datafield ind1=' ' ind2=' ' tag='040'>
        <subfield code='a'>UMI</subfield>
        <subfield code='c'>UMI</subfield>
        <subfield code='e'>dcrb</subfield>
      </datafield>
      <datafield ind1=' ' ind2=' ' tag='049'>
        <subfield code='a'>UMIA</subfield>
      </datafield>
      <datafield ind1='0' ind2=' ' tag='100'>
        <subfield code='a'>Aristotle.</subfield>
      </datafield>
      <datafield ind1='1' ind2='0' tag='240'>
        <subfield code='a'>Rhetoric.</subfield>
        <subfield code='l'>Italian.</subfield>
        <subfield code='f'>1570</subfield>
      </datafield>
      <datafield ind1='1' ind2='0' tag='245'>
        <subfield code='a'>Rettorica d&apos;Aristotile,</subfield>
        <subfield code='h'>[electronic resource] :</subfield>
        <subfield code='b'>fatta in lingua toscana dal /</subfield>
        <subfield code='c'>commendatore [sic] Annibal Caro ...</subfield>
      </datafield>
      <datafield ind1=' ' ind2=' ' tag='260'>
        <subfield code='a'>In Venetia, :</subfield>
        <subfield code='b'>Al segno della Salamandra,</subfield>
        <subfield code='c'>MDLXX. [1570]</subfield>
      </datafield>
      <datafield ind1=' ' ind2=' ' tag='300'>
        <subfield code='a'>1 online resource ( [6], 270 p.)</subfield>
      </datafield>
      <datafield ind1=' ' ind2=' ' tag='500'>
        <subfield code='a'>Edited by Giovanni Battista Caro.  Cf. Biblioteca Nazionale Centrale di Firenze.</subfield>
      </datafield>
      <datafield ind1=' ' ind2=' ' tag='500'>
        <subfield code='a'>&quot;Con Priuilegio.&quot; --T.p.</subfield>
      </datafield>
      <datafield ind1=' ' ind2=' ' tag='500'>
        <subfield code='a'>Text rebound with approx. [350] blank pages for annotations.</subfield>
      </datafield>
      <datafield ind1=' ' ind2=' ' tag='500'>
        <subfield code='a'>Printer&apos;s device on t.p., initials.</subfield>
      </datafield>
      <datafield ind1=' ' ind2=' ' tag='500'>
        <subfield code='a'>Signatures: a⁴ A-2L⁴.</subfield>
      </datafield>
      <datafield ind1=' ' ind2=' ' tag='500'>
        <subfield code='a'>Reproduction of original in: Biblioteca Nazionale Centrale di Firenze -- Postillati.</subfield>
      </datafield>
      <datafield ind1='1' ind2=' ' tag='506'>
        <subfield code='a'>Access limited to UNC Chapel Hill-authenticated users.</subfield>
        <subfield code='f'>Unlimited simultaneous users</subfield>
      </datafield>
      <datafield ind1=' ' ind2=' ' tag='562'>
        <subfield code='a'>P. 140 is wrongly numbered 410.</subfield>
      </datafield>
      <datafield ind1='0' ind2='0' tag='600'>
        <subfield code='a'>Aristotle.</subfield>
        <subfield code='t'>Rhetoric</subfield>
        <subfield code='v'>Commentaries</subfield>
        <subfield code='v'>Early works to 1800.</subfield>
      </datafield>
      <datafield ind1=' ' ind2='0' tag='650'>
        <subfield code='a'>Rhetoric</subfield>
        <subfield code='v'>Early works to 1800.</subfield>
      </datafield>
      <datafield ind1=' ' ind2='7' tag='655'>
        <subfield code='a'>Annotations (Provenance)</subfield>
        <subfield code='z'>Italy</subfield>
        <subfield code='z'>Venice</subfield>
        <subfield code='y'>16th century.</subfield>
        <subfield code='2'>rbprov</subfield>
      </datafield>
      <datafield ind1=' ' ind2='7' tag='655'>
        <subfield code='a'>Printers&apos; device (Printing)</subfield>
        <subfield code='z'>Italy</subfield>
        <subfield code='z'>Venice</subfield>
        <subfield code='y'>16th century.</subfield>
        <subfield code='2'>rbpri</subfield>
      </datafield>
      <datafield ind1='1' ind2=' ' tag='700'>
        <subfield code='a'>Caro, Annibal,</subfield>
        <subfield code='d'>1507-1566,</subfield>
        <subfield code='e'>commentator.</subfield>
      </datafield>
      <datafield ind1='1' ind2=' ' tag='700'>
        <subfield code='a'>Caro, Gio. Batista</subfield>
        <subfield code='q'>(Giovanni Batista),</subfield>
        <subfield code='e'>editor.</subfield>
      </datafield>
      <datafield ind1='0' ind2=' ' tag='700'>
        <subfield code='a'>Nicolao de Nobili,</subfield>
        <subfield code='e'>former owner.</subfield>
      </datafield>
      <datafield ind1=' ' ind2=' ' tag='752'>
        <subfield code='a'>Italy</subfield>
        <subfield code='d'>Venice.</subfield>
      </datafield>
      <datafield ind1='0' ind2=' ' tag='773'>
        <subfield code='t'>Early European books online (online collection). Collection 2: Biblioteca Nazionale Centrale di Firenze (BNCF)</subfield>
      </datafield>
      <datafield ind1='4' ind2='0' tag='856'>
        <subfield code='3'>Item id: 0000017-001</subfield>
        <subfield code='u'>http://libproxy.lib.unc.edu/login?url=http://gateway.proquest.com/openurl?url_ver=Z39.88-2004&amp;res_dat=xri:eurobo:&amp;rft_dat=xri:eurobo:rec:ita-bnc-pos-0000017-001</subfield>
        <subfield code='y'>Full text available via the UNC-Chapel Hill Libraries</subfield>
      </datafield>
      <datafield ind1=' ' ind2=' ' tag='907'>
        <subfield code='a'>b7426360</subfield>
      </datafield>
      <datafield ind1='0' ind2='0' tag='999'>
        <subfield code='a'>2013-06-25 00:00:00-04</subfield>
        <subfield code='c'>2013-06-25 14:04:44-04</subfield>
        <subfield code='u'>2017-03-20 10:55:45-04</subfield>
      </datafield>
  </record>