
  <record>
    <leader>00000cjm a2200433Ia 4500</leader>
      <controlfield tag='006'>g071            vl</controlfield>
      <controlfield tag='008'>070411p20062005tnucynn           n eng d</controlfield>
      <controlfield tag='007'>sd fungnnmmneu</controlfield>
      <controlfield tag='007'>vd cvaizk</controlfield>
      <controlfield tag='001'>122940542</controlfield>
      <controlfield tag='003'>OCoLC</controlfield>
      <controlfield tag='005'>20130906122125.0</controlfield>
      <datafield ind1='0' ind2='2' tag='028'>
        <subfield code='a'>PDR-4005</subfield>
        <subfield code='b'>Palo Dura Records</subfield>
      </datafield>
      <datafield ind1=' ' ind2=' ' tag='035'>
        <subfield code='a'>(OCoLC)122940542</subfield>
      </datafield>
      <datafield ind1=' ' ind2=' ' tag='040'>
        <subfield code='a'>SNM</subfield>
        <subfield code='c'>SNM</subfield>
        <subfield code='d'>NOC</subfield>
      </datafield>
      <datafield ind1=' ' ind2=' ' tag='049'>
        <subfield code='a'>OFC#</subfield>
      </datafield>
      <datafield ind1='2' ind2=' ' tag='110'>
        <subfield code='a'>Two Tons of Steel (Musical group),</subfield>
        <subfield code='e'>performer.</subfield>
      </datafield>
      <datafield ind1='1' ind2='0' tag='245'>
        <subfield code='a'>Two Ton Tuesday live!</subfield>
        <subfield code='h'>[sound recording] :</subfield>
        <subfield code='b'>from Gruene Hall /</subfield>
        <subfield code='c'>Two Tons of Steel.</subfield>
      </datafield>
      <datafield ind1='1' ind2=' ' tag='246'>
        <subfield code='i'>Title from title screen:</subfield>
        <subfield code='a'>Two Ton Tuesdays :</subfield>
        <subfield code='b'>live at Gruene Hall</subfield>
      </datafield>
      <datafield ind1=' ' ind2=' ' tag='260'>
        <subfield code='a'>Ooltewah, Tenn. :</subfield>
        <subfield code='b'>Palo Duro Records,</subfield>
        <subfield code='c'>p2006.</subfield>
      </datafield>
      <datafield ind1=' ' ind2=' ' tag='300'>
        <subfield code='a'>1 sound discs :</subfield>
        <subfield code='b'>digital ;</subfield>
        <subfield code='c'>4 3/4 in. +</subfield>
        <subfield code='e'>1 videodisc (ca. 71 min. : sd., col. ; 4 3/4 in.)</subfield>
      </datafield>
      <datafield ind1=' ' ind2=' ' tag='500'>
        <subfield code='a'>Compact disc.</subfield>
      </datafield>
      <datafield ind1=' ' ind2=' ' tag='500'>
        <subfield code='a'>&quot;DVD produced and authored by Shootz Production Group&quot;--Container.</subfield>
      </datafield>
      <datafield ind1=' ' ind2=' ' tag='500'>
        <subfield code='a'>Special Collection material:  Use of audio or visual material may require production of listening or viewing copies before use.  Contact wilsonlibrary@unc.edu before visiting reading room for more information.</subfield>
      </datafield>
      <datafield ind1='0' ind2=' ' tag='505'>
        <subfield code='a'>CD: Diddly daddy -- Maybe I -- Sedated -- Love is here to stay -- Unglued -- Vegas -- You know -- Heartache -- Stinkin drunks -- King of a one horse town -- Havana moon -- Two tons of steel -- You didn&apos;t know me -- Red headed woman -- Ice cream man -- DVD: Two Ton Tuesday Live!. Intro ; Vegas ; Unglued ; Maybe I ; Love is here to stay ; Sedated ; Ice cream man ; Baby you got me ; You know ; King of a one horse town ; Stinkin drunks ; Little pig ; Your kiss ; One more time -- On the bus (documentary) -- Your kiss (director&apos;s cut) -- Red hot (director&apos;s cut).</subfield>
      </datafield>
      <datafield ind1=' ' ind2=' ' tag='508'>
        <subfield code='a'>Director, director of photography, William H. Molina ; producer, Sonia Anguiano ; editor, Josh Johnson</subfield>
      </datafield>
      <datafield ind1='0' ind2=' ' tag='511'>
        <subfield code='a'>Two Tons of Steel (Kevin Geil, guitar, vocals ; Dennis Fallon, guitar ; Ric Ramirez, upright bass, vocals ; Chris Dobbs, drums, vocals ; Denny Mathis, steel guitar, dobro) ; the Lone Star Beer Dancers (Rachel Holguin-Mills, Nicole Sanchez, Rojji Stanley, Jenny Tyson).</subfield>
      </datafield>
      <datafield ind1=' ' ind2=' ' tag='518'>
        <subfield code='a'>Recorded June 28, 2005 at Gruene Hall.</subfield>
      </datafield>
      <datafield ind1=' ' ind2=' ' tag='538'>
        <subfield code='3'>Videodisc</subfield>
        <subfield code='a'>DVD; stereo. or 5.1 surround.</subfield>
      </datafield>
      <datafield ind1=' ' ind2='0' tag='650'>
        <subfield code='a'>Country music</subfield>
        <subfield code='y'>2001-2010.</subfield>
      </datafield>
      <datafield ind1='1' ind2=' ' tag='700'>
        <subfield code='a'>Molina, William H.,</subfield>
        <subfield code='e'>director.</subfield>
      </datafield>
      <datafield ind1='1' ind2=' ' tag='700'>
        <subfield code='a'>Anguiano, Sonia,</subfield>
        <subfield code='e'>producer.</subfield>
      </datafield>
      <datafield ind1='2' ind2=' ' tag='710'>
        <subfield code='a'>Lone Star Beer Dancers,</subfield>
        <subfield code='e'>performer.</subfield>
      </datafield>
      <datafield ind1=' ' ind2=' ' tag='907'>
        <subfield code='a'>b7469525</subfield>
      </datafield>
      <datafield ind1='9' ind2='1' tag='999'>
        <subfield code='i'>i10100514</subfield>
        <subfield code='l'>wadb</subfield>
        <subfield code='s'>o</subfield>
        <subfield code='t'>60</subfield>
        <subfield code='c'>1</subfield>
        <subfield code='o'>0</subfield>
        <subfield code='p'>099#9</subfield>
        <subfield code='q'>|aDVD-589</subfield>
        <subfield code='n'>Special Collection material:  Use of audio or visual material may require production of listening or viewing copies before use.  Contact wilsonlibrary@unc.edu before visiting reading room for more information.</subfield>
      </datafield>
      <datafield ind1='0' ind2='0' tag='999'>
        <subfield code='a'>2013-09-06 00:00:00-04</subfield>
        <subfield code='c'>2013-09-06 12:21:26-04</subfield>
        <subfield code='u'>2017-03-23 14:48:12-04</subfield>
      </datafield>
  </record>