
  <record>
    <leader>00000cjm a2200805Ii 4500</leader>
      <controlfield tag='007'>sd fsngnn|m|ed</controlfield>
      <controlfield tag='008'>130514p20132013enksgnn  dei      n eng d</controlfield>
      <controlfield tag='001'>842972740</controlfield>
      <controlfield tag='003'>OCoLC</controlfield>
      <controlfield tag='005'>20140612043623.0</controlfield>
      <datafield ind1=' ' ind2=' ' tag='019'>
        <subfield code='a'>832338963</subfield>
        <subfield code='a'>854833673</subfield>
        <subfield code='a'>869917742</subfield>
      </datafield>
      <datafield ind1=' ' ind2=' ' tag='020'>
        <subfield code='a'>9786315045592 : CD</subfield>
      </datafield>
      <datafield ind1=' ' ind2=' ' tag='020'>
        <subfield code='a'>6315045596 : CD</subfield>
      </datafield>
      <datafield ind1='3' ind2='0' tag='024'>
        <subfield code='a'>5099943343027</subfield>
      </datafield>
      <datafield ind1='0' ind2='2' tag='028'>
        <subfield code='a'>50999 4 33430 2 7</subfield>
        <subfield code='b'>EMI Classics</subfield>
      </datafield>
      <datafield ind1='0' ind2='0' tag='028'>
        <subfield code='a'>4 334302 2</subfield>
        <subfield code='b'>EMI Classics</subfield>
      </datafield>
      <datafield ind1='2' ind2='0' tag='033'>
        <subfield code='a'>20130125</subfield>
        <subfield code='a'>20130127</subfield>
        <subfield code='b'>5753</subfield>
        <subfield code='c'>K4</subfield>
      </datafield>
      <datafield ind1='0' ind2='0' tag='033'>
        <subfield code='a'>20130131</subfield>
        <subfield code='b'>5754</subfield>
        <subfield code='c'>L7</subfield>
      </datafield>
      <datafield ind1=' ' ind2=' ' tag='035'>
        <subfield code='a'>(OCoLC)842972740</subfield>
        <subfield code='z'>(OCoLC)832338963</subfield>
        <subfield code='z'>(OCoLC)854833673</subfield>
        <subfield code='z'>(OCoLC)869917742</subfield>
      </datafield>
      <datafield ind1=' ' ind2=' ' tag='040'>
        <subfield code='a'>TEFMT</subfield>
        <subfield code='b'>eng</subfield>
        <subfield code='e'>rda</subfield>
        <subfield code='c'>TEFMT</subfield>
        <subfield code='d'>TEF</subfield>
        <subfield code='d'>CIN</subfield>
        <subfield code='d'>VP@</subfield>
        <subfield code='d'>OCLCA</subfield>
        <subfield code='d'>CPL</subfield>
        <subfield code='d'>B@L</subfield>
        <subfield code='d'>OCLCO</subfield>
        <subfield code='d'>BTCTA</subfield>
        <subfield code='d'>OCLCF</subfield>
        <subfield code='d'>AUM</subfield>
        <subfield code='d'>NOC</subfield>
      </datafield>
      <datafield ind1='0' ind2=' ' tag='041'>
        <subfield code='d'>eng</subfield>
        <subfield code='d'>ita</subfield>
        <subfield code='d'>ger</subfield>
        <subfield code='e'>eng</subfield>
        <subfield code='e'>ita</subfield>
        <subfield code='e'>ger</subfield>
        <subfield code='n'>eng</subfield>
        <subfield code='n'>ita</subfield>
        <subfield code='n'>ger</subfield>
        <subfield code='g'>eng</subfield>
        <subfield code='g'>ger</subfield>
        <subfield code='g'>fre</subfield>
        <subfield code='m'>eng</subfield>
      </datafield>
      <datafield ind1='1' ind2=' ' tag='045'>
        <subfield code='b'>d1953</subfield>
        <subfield code='b'>d1940</subfield>
        <subfield code='b'>d1958</subfield>
        <subfield code='b'>d1969</subfield>
        <subfield code='b'>d1957</subfield>
      </datafield>
      <datafield ind1=' ' ind2=' ' tag='048'>
        <subfield code='a'>vd01</subfield>
        <subfield code='a'>ka01</subfield>
      </datafield>
      <datafield ind1=' ' ind2=' ' tag='048'>
        <subfield code='a'>vd01</subfield>
        <subfield code='a'>tb01</subfield>
      </datafield>
      <datafield ind1=' ' ind2=' ' tag='049'>
        <subfield code='a'>NODP</subfield>
      </datafield>
      <datafield ind1=' ' ind2='4' tag='050'>
        <subfield code='a'>M1620.B68</subfield>
        <subfield code='b'>B75 2013</subfield>
      </datafield>
      <datafield ind1='0' ind2='4' tag='082'>
        <subfield code='a'>783.8/7</subfield>
        <subfield code='2'>23</subfield>
      </datafield>
      <datafield ind1='1' ind2=' ' tag='100'>
        <subfield code='a'>Britten, Benjamin,</subfield>
        <subfield code='d'>1913-1976,</subfield>
        <subfield code='e'>composer.</subfield>
      </datafield>
      <datafield ind1='1' ind2='0' tag='240'>
        <subfield code='a'>Songs.</subfield>
        <subfield code='k'>Selections</subfield>
      </datafield>
      <datafield ind1='1' ind2='0' tag='245'>
        <subfield code='a'>Songs /</subfield>
        <subfield code='c'>Britten.</subfield>
      </datafield>
      <datafield ind1=' ' ind2='1' tag='264'>
        <subfield code='a'>[England]:</subfield>
        <subfield code='b'>EMI Classics,</subfield>
        <subfield code='c'>[2013]</subfield>
      </datafield>
      <datafield ind1=' ' ind2='4' tag='264'>
        <subfield code='c'>℗2013</subfield>
      </datafield>
      <datafield ind1=' ' ind2=' ' tag='300'>
        <subfield code='a'>1 audio disc (70:15) ;</subfield>
        <subfield code='c'>4 3/4 in.</subfield>
      </datafield>
      <datafield ind1=' ' ind2=' ' tag='306'>
        <subfield code='a'>002033</subfield>
        <subfield code='a'>001554</subfield>
        <subfield code='a'>001233</subfield>
        <subfield code='a'>001120</subfield>
        <subfield code='a'>000905</subfield>
      </datafield>
      <datafield ind1=' ' ind2=' ' tag='336'>
        <subfield code='a'>performed music</subfield>
        <subfield code='2'>rdacontent</subfield>
      </datafield>
      <datafield ind1=' ' ind2=' ' tag='337'>
        <subfield code='a'>audio</subfield>
        <subfield code='2'>rdamedia</subfield>
      </datafield>
      <datafield ind1=' ' ind2=' ' tag='338'>
        <subfield code='a'>audio disc</subfield>
        <subfield code='2'>rdacarrier</subfield>
      </datafield>
      <datafield ind1=' ' ind2=' ' tag='344'>
        <subfield code='a'>digital</subfield>
        <subfield code='g'>stereo</subfield>
        <subfield code='2'>rda</subfield>
      </datafield>
      <datafield ind1=' ' ind2=' ' tag='347'>
        <subfield code='a'>audio file</subfield>
        <subfield code='b'>CD audio</subfield>
        <subfield code='2'>rda</subfield>
      </datafield>
      <datafield ind1='0' ind2='1' tag='382'>
        <subfield code='a'>tenor</subfield>
        <subfield code='n'>1</subfield>
        <subfield code='a'>piano</subfield>
        <subfield code='n'>2</subfield>
        <subfield code='s'>2</subfield>
        <subfield code='2'>lcmpt</subfield>
      </datafield>
      <datafield ind1='0' ind2='1' tag='382'>
        <subfield code='a'>tenor</subfield>
        <subfield code='n'>1</subfield>
        <subfield code='a'>guitar</subfield>
        <subfield code='n'>2</subfield>
        <subfield code='s'>2</subfield>
        <subfield code='2'>lcmpt</subfield>
      </datafield>
      <datafield ind1=' ' ind2=' ' tag='500'>
        <subfield code='a'>Title from disc label.</subfield>
      </datafield>
      <datafield ind1=' ' ind2=' ' tag='500'>
        <subfield code='a'>Program notes by Richard Wigmore, in English with German and French translations, and texts, with English translation of the Italian and German (27 pages : portraits) inserted in container.</subfield>
      </datafield>
      <datafield ind1='0' ind2=' ' tag='505'>
        <subfield code='a'>Winter words : op. 52 / Hardy (20:33) -- Seven sonnets of Michelangelo : op. 22 (15:54) -- Hölderlin fragments : op. 61 (12:33) -- Who are these children? : four English songs, op. 84. No. 3, Nightmare ; No. 6, Slaughter ; No. 9, Who are these children? ; No. 11, The children / Soutar (11:20) -- Songs from the Chinese : op. 58 (9:05).</subfield>
      </datafield>
      <datafield ind1='0' ind2=' ' tag='511'>
        <subfield code='a'>Ian Bostridge, tenor ; Sir Antonio Pappano, piano ; Xuefei Yang, guitar (op. 58).</subfield>
      </datafield>
      <datafield ind1=' ' ind2=' ' tag='518'>
        <subfield code='3'>1st-4th works</subfield>
        <subfield code='o'>recorded</subfield>
        <subfield code='d'>2013 January 25-27</subfield>
        <subfield code='p'>St. Mary&apos;s Church, Chilham, Kent.</subfield>
      </datafield>
      <datafield ind1=' ' ind2=' ' tag='518'>
        <subfield code='3'>5th work</subfield>
        <subfield code='o'>recorded</subfield>
        <subfield code='d'>2013 January 31</subfield>
        <subfield code='p'>No. 2 Studio, Abbey Road, London.</subfield>
      </datafield>
      <datafield ind1=' ' ind2=' ' tag='520'>
        <subfield code='a'>Known for his distinctive voice and performance style, Bostridge is a vocalist who inspires passionate debate. English composer Benjamin Britten was one of the most prolific song composers of the 20th century. His song cycles were an important part of his body of work. In celebration of Britten&apos;s 100th birthday anniversary, Bostridge releases a recital disc devoted to the composer&apos;s lieder.</subfield>
      </datafield>
      <datafield ind1=' ' ind2=' ' tag='546'>
        <subfield code='a'>Sung in English, Italian, and German.</subfield>
      </datafield>
      <datafield ind1=' ' ind2='0' tag='650'>
        <subfield code='a'>Songs (High voice) with piano.</subfield>
      </datafield>
      <datafield ind1=' ' ind2='0' tag='650'>
        <subfield code='a'>Songs (High voice) with guitar.</subfield>
      </datafield>
      <datafield ind1=' ' ind2='7' tag='650'>
        <subfield code='a'>Song cycles.</subfield>
        <subfield code='2'>fast</subfield>
        <subfield code='0'>(OCoLC)fst01126056</subfield>
      </datafield>
      <datafield ind1=' ' ind2='7' tag='650'>
        <subfield code='a'>Songs (High voice) with guitar.</subfield>
        <subfield code='2'>fast</subfield>
        <subfield code='0'>(OCoLC)fst01126141</subfield>
      </datafield>
      <datafield ind1=' ' ind2='7' tag='650'>
        <subfield code='a'>Songs (High voice) with piano.</subfield>
        <subfield code='2'>fast</subfield>
        <subfield code='0'>(OCoLC)fst01126153</subfield>
      </datafield>
      <datafield ind1=' ' ind2='7' tag='655'>
        <subfield code='a'>Song cycles.</subfield>
        <subfield code='2'>lcgft</subfield>
      </datafield>
      <datafield ind1='1' ind2=' ' tag='700'>
        <subfield code='a'>Bostridge, Ian,</subfield>
        <subfield code='e'>performer.</subfield>
      </datafield>
      <datafield ind1='1' ind2=' ' tag='700'>
        <subfield code='a'>Pappano, Antonio,</subfield>
        <subfield code='d'>1959-</subfield>
        <subfield code='e'>performer.</subfield>
      </datafield>
      <datafield ind1='1' ind2=' ' tag='700'>
        <subfield code='a'>Yang, Xuefei,</subfield>
        <subfield code='d'>1977-</subfield>
        <subfield code='e'>performer.</subfield>
      </datafield>
      <datafield ind1='1' ind2='2' tag='700'>
        <subfield code='i'>Container of (work):</subfield>
        <subfield code='a'>Britten, Benjamin,</subfield>
        <subfield code='d'>1913-1976.</subfield>
        <subfield code='t'>Winter words.</subfield>
      </datafield>
      <datafield ind1='1' ind2='2' tag='700'>
        <subfield code='i'>Container of (work):</subfield>
        <subfield code='a'>Britten, Benjamin,</subfield>
        <subfield code='d'>1913-1976.</subfield>
        <subfield code='t'>Sonnets of Michelangelo.</subfield>
      </datafield>
      <datafield ind1='1' ind2='2' tag='700'>
        <subfield code='i'>Container of (work):</subfield>
        <subfield code='a'>Britten, Benjamin,</subfield>
        <subfield code='d'>1913-1976.</subfield>
        <subfield code='t'>Hölderlin Fragmente.</subfield>
      </datafield>
      <datafield ind1='1' ind2='2' tag='700'>
        <subfield code='i'>Container of (work):</subfield>
        <subfield code='a'>Britten, Benjamin,</subfield>
        <subfield code='d'>1913-1976.</subfield>
        <subfield code='t'>Who are these children?</subfield>
        <subfield code='k'>Selections.</subfield>
      </datafield>
      <datafield ind1='1' ind2='2' tag='700'>
        <subfield code='i'>Container of (work):</subfield>
        <subfield code='a'>Britten, Benjamin,</subfield>
        <subfield code='d'>1913-1976.</subfield>
        <subfield code='t'>Songs from the Chinese.</subfield>
      </datafield>
      <datafield ind1=' ' ind2=' ' tag='907'>
        <subfield code='a'>b7612476</subfield>
      </datafield>
      <datafield ind1='9' ind2='1' tag='999'>
        <subfield code='i'>i10381523</subfield>
        <subfield code='l'>mmdd</subfield>
        <subfield code='s'>-</subfield>
        <subfield code='t'>50</subfield>
        <subfield code='c'>1</subfield>
        <subfield code='o'>0</subfield>
        <subfield code='b'>00047210579</subfield>
        <subfield code='p'>099#9</subfield>
        <subfield code='q'>|aCD-27,458</subfield>
      </datafield>
      <datafield ind1='0' ind2='0' tag='999'>
        <subfield code='a'>2014-06-12 00:00:00-04</subfield>
        <subfield code='c'>2013-11-10 19:02:00-05</subfield>
        <subfield code='u'>2017-11-15 15:57:31-05</subfield>
      </datafield>
  </record>