
  <record>
    <leader>00000cam a2200433 i 4500</leader>
      <controlfield tag='008'>140127t20142014ja            000 1 jpn c</controlfield>
      <controlfield tag='001'>869179431</controlfield>
      <controlfield tag='003'>OCoLC</controlfield>
      <controlfield tag='005'>20140604031341.0</controlfield>
      <datafield ind1=' ' ind2=' ' tag='020'>
        <subfield code='a'>9784103336426</subfield>
      </datafield>
      <datafield ind1=' ' ind2=' ' tag='020'>
        <subfield code='a'>4103336420</subfield>
      </datafield>
      <datafield ind1=' ' ind2=' ' tag='035'>
        <subfield code='a'>(OCoLC)869179431</subfield>
      </datafield>
      <datafield ind1=' ' ind2=' ' tag='040'>
        <subfield code='a'>TRCLS</subfield>
        <subfield code='b'>eng</subfield>
        <subfield code='e'>rda</subfield>
        <subfield code='c'>TRCLS</subfield>
        <subfield code='d'>JTE</subfield>
        <subfield code='d'>CLE</subfield>
        <subfield code='d'>CUI</subfield>
        <subfield code='d'>IUL</subfield>
        <subfield code='d'>NOC</subfield>
      </datafield>
      <datafield ind1=' ' ind2=' ' tag='042'>
        <subfield code='a'>pcc</subfield>
      </datafield>
      <datafield ind1=' ' ind2=' ' tag='049'>
        <subfield code='a'>NOCC</subfield>
      </datafield>
      <datafield ind1=' ' ind2='4' tag='050'>
        <subfield code='a'>PL874.Y36</subfield>
        <subfield code='b'>A53 2014</subfield>
      </datafield>
      <datafield ind1=' ' ind2=' ' tag='084'>
        <subfield code='a'>913.6</subfield>
        <subfield code='2'>njb/9</subfield>
      </datafield>
      <datafield ind1='1' ind2=' ' tag='100'>
        <subfield code='6'>880-01</subfield>
        <subfield code='a'>Oyamada, Hiroko,</subfield>
        <subfield code='d'>1983-</subfield>
        <subfield code='e'>author.</subfield>
      </datafield>
      <datafield ind1='1' ind2='0' tag='245'>
        <subfield code='6'>880-02</subfield>
        <subfield code='a'>Ana /</subfield>
        <subfield code='c'>Oyamada Hiroko.</subfield>
      </datafield>
      <datafield ind1=' ' ind2='1' tag='264'>
        <subfield code='6'>880-03</subfield>
        <subfield code='a'>Tōkyō :</subfield>
        <subfield code='b'>Shinchōsha,</subfield>
        <subfield code='c'>2014.</subfield>
      </datafield>
      <datafield ind1=' ' ind2='4' tag='264'>
        <subfield code='c'>©2014</subfield>
      </datafield>
      <datafield ind1=' ' ind2=' ' tag='300'>
        <subfield code='a'>157 pages ;</subfield>
        <subfield code='c'>20 cm</subfield>
      </datafield>
      <datafield ind1=' ' ind2=' ' tag='336'>
        <subfield code='a'>text</subfield>
        <subfield code='b'>txt</subfield>
        <subfield code='2'>rdacontent</subfield>
      </datafield>
      <datafield ind1=' ' ind2=' ' tag='337'>
        <subfield code='a'>unmediated</subfield>
        <subfield code='b'>n</subfield>
        <subfield code='2'>rdamedia</subfield>
      </datafield>
      <datafield ind1=' ' ind2=' ' tag='338'>
        <subfield code='a'>volume</subfield>
        <subfield code='b'>nc</subfield>
        <subfield code='2'>rdacarrier</subfield>
      </datafield>
      <datafield ind1='0' ind2=' ' tag='505'>
        <subfield code='6'>880-04</subfield>
        <subfield code='a'>Ana -- Itachinaku -- Yuki no yado.</subfield>
      </datafield>
      <datafield ind1=' ' ind2=' ' tag='586'>
        <subfield code='6'>880-05</subfield>
        <subfield code='3'>Ana</subfield>
        <subfield code='a'>Dai 150-kai Akutagawa-shō, 2014</subfield>
      </datafield>
      <datafield ind1='1' ind2=' ' tag='880'>
        <subfield code='6'>100-01</subfield>
        <subfield code='a'>小山田浩子,</subfield>
        <subfield code='d'>1983-</subfield>
        <subfield code='e'>author.</subfield>
      </datafield>
      <datafield ind1='1' ind2='0' tag='880'>
        <subfield code='6'>245-02</subfield>
        <subfield code='a'>穴 /</subfield>
        <subfield code='c'>小山田浩子.</subfield>
      </datafield>
      <datafield ind1=' ' ind2='1' tag='880'>
        <subfield code='6'>264-03</subfield>
        <subfield code='a'>東京 :</subfield>
        <subfield code='b'>新潮社,</subfield>
        <subfield code='c'>2014.</subfield>
      </datafield>
      <datafield ind1='0' ind2=' ' tag='880'>
        <subfield code='6'>505-04</subfield>
        <subfield code='a'>穴 -- いたちなく -- ゆきの宿.</subfield>
      </datafield>
      <datafield ind1=' ' ind2=' ' tag='880'>
        <subfield code='6'>586-05</subfield>
        <subfield code='3'>穴</subfield>
        <subfield code='a'>第150回芥川賞, 2014</subfield>
      </datafield>
      <datafield ind1=' ' ind2=' ' tag='907'>
        <subfield code='a'>b7672018</subfield>
      </datafield>
      <datafield ind1='9' ind2='1' tag='999'>
        <subfield code='i'>i10373354</subfield>
        <subfield code='l'>dqda</subfield>
        <subfield code='s'>-</subfield>
        <subfield code='t'>0</subfield>
        <subfield code='c'>1</subfield>
        <subfield code='o'>1</subfield>
        <subfield code='b'>00048235961</subfield>
        <subfield code='p'>050#4</subfield>
        <subfield code='q'>|aPL874.Y36|bA53 2014</subfield>
      </datafield>
      <datafield ind1='0' ind2='0' tag='999'>
        <subfield code='a'>2014-06-04 00:00:00-04</subfield>
        <subfield code='c'>2014-01-27 13:41:00-05</subfield>
        <subfield code='u'>2016-06-06 18:57:22-04</subfield>
      </datafield>
  </record>