
  <record>
    <leader>00000cam a2200541 i 4500</leader>
      <controlfield tag='008'>130629s2013    nyua   c      000 1 eng  </controlfield>
      <controlfield tag='001'>827259810</controlfield>
      <controlfield tag='003'>OCoLC</controlfield>
      <controlfield tag='005'>20150319100359.0</controlfield>
      <datafield ind1=' ' ind2=' ' tag='010'>
        <subfield code='a'>2013021861</subfield>
      </datafield>
      <datafield ind1=' ' ind2=' ' tag='019'>
        <subfield code='a'>859238369</subfield>
        <subfield code='a'>864671657</subfield>
        <subfield code='a'>870985827</subfield>
        <subfield code='a'>877908913</subfield>
      </datafield>
      <datafield ind1=' ' ind2=' ' tag='020'>
        <subfield code='a'>9780062015075 (trade bdg.)</subfield>
      </datafield>
      <datafield ind1=' ' ind2=' ' tag='020'>
        <subfield code='a'>0062015079 (trade bdg.)</subfield>
      </datafield>
      <datafield ind1=' ' ind2=' ' tag='020'>
        <subfield code='a'>9780062015082 (paperback)</subfield>
      </datafield>
      <datafield ind1=' ' ind2=' ' tag='020'>
        <subfield code='a'>0062015087 (paperback)</subfield>
      </datafield>
      <datafield ind1=' ' ind2=' ' tag='035'>
        <subfield code='a'>(OCoLC)827259810</subfield>
        <subfield code='z'>(OCoLC)859238369</subfield>
        <subfield code='z'>(OCoLC)864671657</subfield>
        <subfield code='z'>(OCoLC)870985827</subfield>
        <subfield code='z'>(OCoLC)877908913</subfield>
      </datafield>
      <datafield ind1=' ' ind2=' ' tag='040'>
        <subfield code='a'>DLC</subfield>
        <subfield code='b'>eng</subfield>
        <subfield code='e'>rda</subfield>
        <subfield code='c'>DLC</subfield>
        <subfield code='d'>IG#</subfield>
        <subfield code='d'>BTCTA</subfield>
        <subfield code='d'>BDX</subfield>
        <subfield code='d'>INO</subfield>
        <subfield code='d'>YDXCP</subfield>
        <subfield code='d'>JJG</subfield>
        <subfield code='d'>NDS</subfield>
        <subfield code='d'>AZZPT</subfield>
        <subfield code='d'>SDA</subfield>
        <subfield code='d'>IXA</subfield>
        <subfield code='d'>BKL</subfield>
        <subfield code='d'>NOC</subfield>
      </datafield>
      <datafield ind1=' ' ind2=' ' tag='042'>
        <subfield code='a'>lcac</subfield>
        <subfield code='a'>pcc</subfield>
      </datafield>
      <datafield ind1='0' ind2='0' tag='050'>
        <subfield code='a'>PZ7.U692</subfield>
        <subfield code='b'>Re 2013</subfield>
      </datafield>
      <datafield ind1='0' ind2='0' tag='082'>
        <subfield code='a'>[Fic]</subfield>
        <subfield code='2'>23</subfield>
      </datafield>
      <datafield ind1='1' ind2=' ' tag='100'>
        <subfield code='a'>Ursu, Anne.</subfield>
      </datafield>
      <datafield ind1='1' ind2='4' tag='245'>
        <subfield code='a'>The real boy /</subfield>
        <subfield code='c'>Anne Ursu ; drawings by Erin McGuire.</subfield>
      </datafield>
      <datafield ind1=' ' ind2='1' tag='264'>
        <subfield code='a'>New York, NY :</subfield>
        <subfield code='b'>Walden Pond Press, an imprint of HarperCollinsPublishers,</subfield>
        <subfield code='c'>[2013]</subfield>
      </datafield>
      <datafield ind1=' ' ind2='4' tag='264'>
        <subfield code='c'>©2013</subfield>
      </datafield>
      <datafield ind1=' ' ind2=' ' tag='300'>
        <subfield code='a'>341 pages :</subfield>
        <subfield code='b'>illustrations ;</subfield>
        <subfield code='c'>22 cm</subfield>
      </datafield>
      <datafield ind1=' ' ind2=' ' tag='336'>
        <subfield code='a'>text</subfield>
        <subfield code='2'>rdacontent</subfield>
      </datafield>
      <datafield ind1=' ' ind2=' ' tag='337'>
        <subfield code='a'>unmediated</subfield>
        <subfield code='2'>rdamedia</subfield>
      </datafield>
      <datafield ind1=' ' ind2=' ' tag='338'>
        <subfield code='a'>volume</subfield>
        <subfield code='2'>rdacarrier</subfield>
      </datafield>
      <datafield ind1=' ' ind2=' ' tag='520'>
        <subfield code='a'>&quot;A shy boy named Oscar who works as the hand to a powerful magic worker becomes the only person who can save his village from an evil monster&quot;--</subfield>
        <subfield code='c'>Provided by publisher.</subfield>
      </datafield>
      <datafield ind1='0' ind2=' ' tag='526'>
        <subfield code='a'>Accelerated Reader</subfield>
        <subfield code='b'>Grades 5-8</subfield>
        <subfield code='c'>4.9</subfield>
        <subfield code='d'>10</subfield>
        <subfield code='x'>SD</subfield>
        <subfield code='z'>Quiz 161076</subfield>
        <subfield code='z'>English fiction.</subfield>
      </datafield>
      <datafield ind1='0' ind2='0' tag='600'>
        <subfield code='a'>Pinocchio</subfield>
        <subfield code='c'>(Fictitious character)</subfield>
        <subfield code='v'>Juvenile fiction.</subfield>
      </datafield>
      <datafield ind1=' ' ind2='1' tag='650'>
        <subfield code='a'>Magic</subfield>
        <subfield code='v'>Fiction.</subfield>
      </datafield>
      <datafield ind1=' ' ind2='1' tag='650'>
        <subfield code='a'>Apprentices</subfield>
        <subfield code='v'>Fiction.</subfield>
      </datafield>
      <datafield ind1=' ' ind2='1' tag='650'>
        <subfield code='a'>Fantasy.</subfield>
      </datafield>
      <datafield ind1=' ' ind2='0' tag='650'>
        <subfield code='a'>Magic</subfield>
        <subfield code='v'>Juvenile fiction.</subfield>
      </datafield>
      <datafield ind1=' ' ind2='0' tag='650'>
        <subfield code='a'>Herbalists</subfield>
        <subfield code='v'>Juvenile fiction.</subfield>
      </datafield>
      <datafield ind1=' ' ind2='0' tag='650'>
        <subfield code='a'>Magic paraphernalia</subfield>
        <subfield code='v'>Juvenile fiction.</subfield>
      </datafield>
      <datafield ind1=' ' ind2='0' tag='650'>
        <subfield code='a'>Apprentices</subfield>
        <subfield code='v'>Juvenile fiction.</subfield>
      </datafield>
      <datafield ind1=' ' ind2='0' tag='650'>
        <subfield code='a'>Recluses</subfield>
        <subfield code='v'>Juvenile fiction.</subfield>
      </datafield>
      <datafield ind1=' ' ind2='7' tag='655'>
        <subfield code='a'>Fantasy fiction.</subfield>
        <subfield code='2'>lcgft</subfield>
      </datafield>
      <datafield ind1='1' ind2=' ' tag='700'>
        <subfield code='a'>McGuire, Erin,</subfield>
        <subfield code='e'>illustrator.</subfield>
      </datafield>
      <datafield ind1=' ' ind2=' ' tag='907'>
        <subfield code='a'>b8186117</subfield>
      </datafield>
      <datafield ind1='9' ind2='1' tag='999'>
        <subfield code='i'>i10717742</subfield>
        <subfield code='l'>lljd</subfield>
        <subfield code='s'>-</subfield>
        <subfield code='t'>22</subfield>
        <subfield code='c'>1</subfield>
        <subfield code='o'>3</subfield>
        <subfield code='b'>00049062896</subfield>
        <subfield code='p'>099#9</subfield>
        <subfield code='q'>|aJ|aUrsu</subfield>
      </datafield>
      <datafield ind1='0' ind2='0' tag='999'>
        <subfield code='a'>2015-03-19 00:00:00-04</subfield>
        <subfield code='c'>2015-03-08 13:25:00-04</subfield>
        <subfield code='u'>2016-04-17 11:38:11-04</subfield>
      </datafield>
  </record>