
  <record>
    <leader>00000cam a2200481Ii 4500</leader>
      <controlfield tag='008'>990908r19921894nyu           000 1 eng d</controlfield>
      <controlfield tag='001'>42311917</controlfield>
      <controlfield tag='003'>OCoLC</controlfield>
      <controlfield tag='005'>20150817061626.0</controlfield>
      <datafield ind1='1' ind2=' ' tag='029'>
        <subfield code='a'>NZ1</subfield>
        <subfield code='b'>4588921</subfield>
      </datafield>
      <datafield ind1=' ' ind2=' ' tag='035'>
        <subfield code='a'>(OCoLC)42311917</subfield>
      </datafield>
      <datafield ind1=' ' ind2=' ' tag='040'>
        <subfield code='a'>NXW</subfield>
        <subfield code='b'>eng</subfield>
        <subfield code='c'>NXW</subfield>
        <subfield code='d'>OCLCQ</subfield>
        <subfield code='d'>OCLCA</subfield>
        <subfield code='d'>OCLCF</subfield>
        <subfield code='d'>OCLCQ</subfield>
        <subfield code='d'>OCLCO</subfield>
        <subfield code='d'>NOH</subfield>
      </datafield>
      <datafield ind1=' ' ind2=' ' tag='049'>
        <subfield code='a'>NOHB</subfield>
      </datafield>
      <datafield ind1=' ' ind2='4' tag='050'>
        <subfield code='a'>PR4622</subfield>
        <subfield code='b'>.R65 1992</subfield>
      </datafield>
      <datafield ind1='0' ind2='0' tag='050'>
        <subfield code='a'>PZ3.D772</subfield>
        <subfield code='a'>PR4622.R</subfield>
      </datafield>
      <datafield ind1='0' ind2='4' tag='082'>
        <subfield code='a'>610.4</subfield>
      </datafield>
      <datafield ind1='1' ind2=' ' tag='100'>
        <subfield code='a'>Doyle, Arthur Conan,</subfield>
        <subfield code='d'>1859-1930.</subfield>
      </datafield>
      <datafield ind1='1' ind2='0' tag='245'>
        <subfield code='a'>Round the red lamp :</subfield>
        <subfield code='b'>being facts and fancies of medical life /</subfield>
        <subfield code='c'>by A. Conan Doyle.</subfield>
      </datafield>
      <datafield ind1='3' ind2=' ' tag='246'>
        <subfield code='a'>Facts and fancies of medical life</subfield>
      </datafield>
      <datafield ind1=' ' ind2=' ' tag='250'>
        <subfield code='a'>Special edition /</subfield>
        <subfield code='b'>privately printed for the members of the libraries of Gryphon Editions, Inc.</subfield>
      </datafield>
      <datafield ind1=' ' ind2='1' tag='264'>
        <subfield code='a'>New York, N.Y. :</subfield>
        <subfield code='b'>Gryphon Editions, Inc.,</subfield>
        <subfield code='c'>1992.</subfield>
      </datafield>
      <datafield ind1=' ' ind2='4' tag='264'>
        <subfield code='c'>©1992.</subfield>
      </datafield>
      <datafield ind1=' ' ind2=' ' tag='300'>
        <subfield code='a'>iv, 307 pages ;</subfield>
        <subfield code='c'>20 cm</subfield>
      </datafield>
      <datafield ind1=' ' ind2=' ' tag='336'>
        <subfield code='a'>text</subfield>
        <subfield code='b'>txt</subfield>
        <subfield code='2'>rdacontent</subfield>
      </datafield>
      <datafield ind1=' ' ind2=' ' tag='337'>
        <subfield code='a'>unmediated</subfield>
        <subfield code='b'>n</subfield>
        <subfield code='2'>rdamedia</subfield>
      </datafield>
      <datafield ind1=' ' ind2=' ' tag='338'>
        <subfield code='a'>volume</subfield>
        <subfield code='b'>nc</subfield>
        <subfield code='2'>rdacarrier</subfield>
      </datafield>
      <datafield ind1='0' ind2=' ' tag='505'>
        <subfield code='a'>Behind the times -- His first operation -- A straggler of &apos;15 -- The third generation -- A false start -- The curse of Eve -- Sweethearts -- A physiologist&apos;s wife -- The case of Lady Sannox -- A question of diplomacy -- A medical document -- Lot no. 249 -- The Los Amigos fiasco -- The doctors of Hoyland -- The surgeon talks.</subfield>
      </datafield>
      <datafield ind1=' ' ind2=' ' tag='534'>
        <subfield code='p'>Facsimilie reprint. Originally published:</subfield>
        <subfield code='c'>New York : D. Appleton and Company, 1894.</subfield>
      </datafield>
      <datafield ind1=' ' ind2='0' tag='650'>
        <subfield code='a'>Physicians</subfield>
        <subfield code='v'>Fiction.</subfield>
      </datafield>
      <datafield ind1=' ' ind2='2' tag='650'>
        <subfield code='a'>Medicine.</subfield>
      </datafield>
      <datafield ind1=' ' ind2='7' tag='650'>
        <subfield code='a'>Physicians.</subfield>
        <subfield code='2'>fast</subfield>
        <subfield code='0'>(OCoLC)fst01062841</subfield>
      </datafield>
      <datafield ind1=' ' ind2='2' tag='655'>
        <subfield code='a'>Fictional Works.</subfield>
      </datafield>
      <datafield ind1=' ' ind2='7' tag='655'>
        <subfield code='a'>Fiction.</subfield>
        <subfield code='2'>fast</subfield>
        <subfield code='0'>(OCoLC)fst01423787</subfield>
      </datafield>
      <datafield ind1='2' ind2=' ' tag='710'>
        <subfield code='a'>Libraries of Gryphon Editions, Inc.</subfield>
      </datafield>
      <datafield ind1='0' ind2='1' tag='740'>
        <subfield code='a'>Gryphon Editions.</subfield>
      </datafield>
      <datafield ind1=' ' ind2=' ' tag='907'>
        <subfield code='a'>b8257422</subfield>
      </datafield>
      <datafield ind1='9' ind2='1' tag='999'>
        <subfield code='i'>i10846756</subfield>
        <subfield code='l'>nohbd</subfield>
        <subfield code='s'>o</subfield>
        <subfield code='t'>43</subfield>
        <subfield code='c'>1</subfield>
        <subfield code='o'>0</subfield>
        <subfield code='b'>H00511751K</subfield>
        <subfield code='p'>096##</subfield>
        <subfield code='q'>|aPR 4622|bR65 1894F</subfield>
        <subfield code='n'>Hours: 8:00 a.m.-4:00 p.m., Monday-Friday.</subfield>
      </datafield>
      <datafield ind1='0' ind2='0' tag='999'>
        <subfield code='a'>2015-08-17 00:00:00-04</subfield>
        <subfield code='c'>2015-06-16 14:56:06-04</subfield>
        <subfield code='u'>2016-01-20 00:50:09-05</subfield>
      </datafield>
  </record>