
  <record>
    <leader>00000nam a2200469Ii 4500</leader>
      <controlfield tag='006'>m     o  d</controlfield>
      <controlfield tag='007'>cr |||||||||||</controlfield>
      <controlfield tag='008'>151006nuuuuuuuuxx      o     000 0 eng d</controlfield>
      <controlfield tag='001'>922932081rand</controlfield>
      <controlfield tag='003'>OCoLC</controlfield>
      <controlfield tag='005'>20151006114518.0</controlfield>
      <datafield ind1=' ' ind2=' ' tag='035'>
        <subfield code='a'>(OCoLC)922932081</subfield>
      </datafield>
      <datafield ind1=' ' ind2=' ' tag='040'>
        <subfield code='a'>NOC</subfield>
        <subfield code='b'>eng</subfield>
        <subfield code='e'>rda</subfield>
        <subfield code='c'>NOC</subfield>
      </datafield>
      <datafield ind1=' ' ind2=' ' tag='049'>
        <subfield code='a'>NOCC</subfield>
      </datafield>
      <datafield ind1='1' ind2=' ' tag='100'>
        <subfield code='a'>Jenkins, Brian Michael,</subfield>
        <subfield code='e'>author.</subfield>
      </datafield>
      <datafield ind1='1' ind2='0' tag='245'>
        <subfield code='a'>Why the North Vietnamese will keep fighting /</subfield>
        <subfield code='c'>Brian Michael Jenkins.</subfield>
      </datafield>
      <datafield ind1=' ' ind2='1' tag='264'>
        <subfield code='a'>[Santa Monica, Calif.] :</subfield>
        <subfield code='b'>[Rand Corp.],</subfield>
        <subfield code='c'>1972.</subfield>
      </datafield>
      <datafield ind1=' ' ind2=' ' tag='300'>
        <subfield code='a'>1 online resource (1 online resource)</subfield>
      </datafield>
      <datafield ind1=' ' ind2=' ' tag='336'>
        <subfield code='a'>text</subfield>
        <subfield code='b'>txt</subfield>
        <subfield code='2'>rdacontent</subfield>
      </datafield>
      <datafield ind1=' ' ind2=' ' tag='337'>
        <subfield code='a'>computer</subfield>
        <subfield code='b'>c</subfield>
        <subfield code='2'>rdamedia</subfield>
      </datafield>
      <datafield ind1=' ' ind2=' ' tag='338'>
        <subfield code='a'>online resource</subfield>
        <subfield code='b'>cr</subfield>
        <subfield code='2'>rdacarrier</subfield>
      </datafield>
      <datafield ind1=' ' ind2=' ' tag='500'>
        <subfield code='a'>General Military History</subfield>
      </datafield>
      <datafield ind1='0' ind2=' ' tag='506'>
        <subfield code='f'>Unlimited simultaneous users</subfield>
      </datafield>
      <datafield ind1=' ' ind2=' ' tag='514'>
        <subfield code='z'>Conforms To:</subfield>
        <subfield code='e'>Combined Arms Research Library Digital Library</subfield>
      </datafield>
      <datafield ind1='3' ind2=' ' tag='520'>
        <subfield code='a'>&quot;The public statements of North Vietnam&apos;s leaders make one thing clear --North Vietnam will not accept President Nixon&apos;s offer. Hanoi will continue the war. This posture will be more than propaganda. The genius of the North Vietnamese people is their tenacity. It is also their most terrible weapon....&quot;</subfield>
      </datafield>
      <datafield ind1=' ' ind2=' ' tag='546'>
        <subfield code='a'>English</subfield>
      </datafield>
      <datafield ind1='0' ind2=' ' tag='588'>
        <subfield code='a'>Print version record.</subfield>
      </datafield>
      <datafield ind1='2' ind2='7' tag='611'>
        <subfield code='a'>Vietnam War</subfield>
        <subfield code='d'>(1961-1975)</subfield>
        <subfield code='2'>fast</subfield>
        <subfield code='0'>(OCoLC)fst01431664</subfield>
      </datafield>
      <datafield ind1=' ' ind2='0' tag='650'>
        <subfield code='a'>Vietnam War, 1961-1975</subfield>
        <subfield code='z'>Vietnam (Democratic Republic)</subfield>
      </datafield>
      <datafield ind1=' ' ind2='7' tag='651'>
        <subfield code='a'>Vietnam (Democratic Republic)</subfield>
        <subfield code='2'>fast</subfield>
        <subfield code='0'>(OCoLC)fst01864829</subfield>
      </datafield>
      <datafield ind1=' ' ind2=' ' tag='653'>
        <subfield code='a'>Vietnam War, 1961-1975</subfield>
      </datafield>
      <datafield ind1=' ' ind2=' ' tag='653'>
        <subfield code='a'>Vietnam (Democratic Republic)</subfield>
      </datafield>
      <datafield ind1=' ' ind2=' ' tag='653'>
        <subfield code='a'>Warfare</subfield>
      </datafield>
      <datafield ind1=' ' ind2='4' tag='655'>
        <subfield code='a'>Textual</subfield>
      </datafield>
      <datafield ind1='0' ind2=' ' tag='773'>
        <subfield code='t'>RAND electronic books (online collection). Non-standard MARC source</subfield>
      </datafield>
      <datafield ind1='0' ind2='8' tag='776'>
        <subfield code='i'>Electronic reproduction of (manifestation):</subfield>
        <subfield code='a'>Jenkins, Brian Michael.</subfield>
        <subfield code='t'>Why the North Vietnamese will keep fighting.</subfield>
        <subfield code='d'>[Santa Monica, Calif.] : [Rand Corp.], 1972</subfield>
        <subfield code='w'>(OCoLC)701207678</subfield>
      </datafield>
      <datafield ind1='4' ind2='0' tag='856'>
        <subfield code='u'>https://www.rand.org/pubs/papers/P4395-1.html</subfield>
        <subfield code='y'>Full text available via the UNC-Chapel Hill Libraries</subfield>
        <subfield code='x'>RAND electronic book</subfield>
      </datafield>
      <datafield ind1=' ' ind2=' ' tag='907'>
        <subfield code='a'>b8346897</subfield>
      </datafield>
      <datafield ind1='0' ind2='0' tag='999'>
        <subfield code='a'>2015-10-06 00:00:00-04</subfield>
        <subfield code='c'>2015-10-06 11:45:00-04</subfield>
        <subfield code='u'>2017-10-26 12:08:59-04</subfield>
      </datafield>
  </record>