
  <record>
    <leader>00000cam a2200493Ia 4500</leader>
      <controlfield tag='008'>101218s2009    it a     b   i000 0 eng d</controlfield>
      <controlfield tag='001'>693812506</controlfield>
      <controlfield tag='003'>OCoLC</controlfield>
      <controlfield tag='005'>20160210105502.0</controlfield>
      <datafield ind1=' ' ind2=' ' tag='010'>
        <subfield code='a'>2011372020</subfield>
      </datafield>
      <datafield ind1='7' ind2=' ' tag='016'>
        <subfield code='a'>015733071</subfield>
        <subfield code='2'>Uk</subfield>
      </datafield>
      <datafield ind1=' ' ind2=' ' tag='020'>
        <subfield code='a'>9789251064191</subfield>
      </datafield>
      <datafield ind1=' ' ind2=' ' tag='020'>
        <subfield code='a'>9251064199</subfield>
      </datafield>
      <datafield ind1=' ' ind2=' ' tag='035'>
        <subfield code='a'>(OCoLC)693812506</subfield>
      </datafield>
      <datafield ind1=' ' ind2=' ' tag='040'>
        <subfield code='a'>BTCTA</subfield>
        <subfield code='b'>eng</subfield>
        <subfield code='c'>BTCTA</subfield>
        <subfield code='d'>ORE</subfield>
        <subfield code='d'>AGL</subfield>
        <subfield code='d'>COD</subfield>
        <subfield code='d'>DLC</subfield>
        <subfield code='d'>YDXCP</subfield>
        <subfield code='d'>UKMGB</subfield>
        <subfield code='d'>LEAUB</subfield>
        <subfield code='d'>OCLCF</subfield>
        <subfield code='d'>OCLCQ</subfield>
        <subfield code='d'>NOC</subfield>
      </datafield>
      <datafield ind1=' ' ind2=' ' tag='049'>
        <subfield code='a'>NOCC</subfield>
      </datafield>
      <datafield ind1=' ' ind2='4' tag='050'>
        <subfield code='a'>SH1</subfield>
        <subfield code='b'>.F539 no.518</subfield>
      </datafield>
      <datafield ind1='0' ind2=' ' tag='070'>
        <subfield code='a'>SH156</subfield>
        <subfield code='b'>.F48 2009</subfield>
      </datafield>
      <datafield ind1='0' ind2='4' tag='082'>
        <subfield code='a'>639.2</subfield>
        <subfield code='2'>22</subfield>
      </datafield>
      <datafield ind1='0' ind2='0' tag='245'>
        <subfield code='a'>Fish as feed inputs for aquaculture :</subfield>
        <subfield code='b'>practices, sustainability and implications /</subfield>
        <subfield code='c'>edited by Mohammad R. Hasan and Matthias Halwart.</subfield>
      </datafield>
      <datafield ind1=' ' ind2=' ' tag='260'>
        <subfield code='a'>Rome :</subfield>
        <subfield code='b'>Food and Agriculture Organization of the United Nations,</subfield>
        <subfield code='c'>2009.</subfield>
      </datafield>
      <datafield ind1=' ' ind2=' ' tag='300'>
        <subfield code='a'>xvi, 407 pages :</subfield>
        <subfield code='b'>color illustrations ;</subfield>
        <subfield code='c'>30 cm.</subfield>
      </datafield>
      <datafield ind1=' ' ind2=' ' tag='336'>
        <subfield code='a'>text</subfield>
        <subfield code='b'>txt</subfield>
        <subfield code='2'>rdacontent</subfield>
      </datafield>
      <datafield ind1=' ' ind2=' ' tag='337'>
        <subfield code='a'>unmediated</subfield>
        <subfield code='b'>n</subfield>
        <subfield code='2'>rdamedia</subfield>
      </datafield>
      <datafield ind1=' ' ind2=' ' tag='338'>
        <subfield code='a'>volume</subfield>
        <subfield code='b'>nc</subfield>
        <subfield code='2'>rdacarrier</subfield>
      </datafield>
      <datafield ind1=' ' ind2=' ' tag='504'>
        <subfield code='a'>Includes bibliographical references.</subfield>
      </datafield>
      <datafield ind1='3' ind2=' ' tag='520'>
        <subfield code='a'>This technical paper provides a comprehensive review of the use of wild fish as feed inputs for aquaculture covering existing practices and their sustainability as well as implications of various feed-fish fisheries scenarios. It comprises four regional reviews (Africa and the Near East, Asia and the Pacific, Europe, and Latin America and North America) and three case studies from Latin America (Chile, Peru and the study on the use of the Argentine anchoita in Argentina, Uruguay and Brazil). The four regional reviews specifically address the sustainable use of finite wild fish resources and the role that feed-fish fisheries may play for food security and poverty alleviation in these four regions and elsewhere. With additional information from case studies in China and Viet Nam, a global synthesis provides a perspective on the status and trends in the use of fish as feed and the issues and challenges confronting feed-fish fisheries.</subfield>
      </datafield>
      <datafield ind1=' ' ind2=' ' tag='522'>
        <subfield code='a'>Asia-Pacific ; Africa ; Near East ; Americas ; Europe ; Argentina ; Uruguay ; Brazil ; Chile ; Peru.</subfield>
      </datafield>
      <datafield ind1=' ' ind2=' ' tag='530'>
        <subfield code='a'>Also freely available online.</subfield>
      </datafield>
      <datafield ind1=' ' ind2='0' tag='650'>
        <subfield code='a'>Fish as feed.</subfield>
      </datafield>
      <datafield ind1=' ' ind2='0' tag='650'>
        <subfield code='a'>Sustainable aquaculture.</subfield>
      </datafield>
      <datafield ind1=' ' ind2='7' tag='650'>
        <subfield code='a'>Fish as feed.</subfield>
        <subfield code='2'>fast</subfield>
        <subfield code='0'>(OCoLC)fst00925842</subfield>
      </datafield>
      <datafield ind1=' ' ind2='7' tag='650'>
        <subfield code='a'>Sustainable aquaculture.</subfield>
        <subfield code='2'>fast</subfield>
        <subfield code='0'>(OCoLC)fst01736619</subfield>
      </datafield>
      <datafield ind1='1' ind2=' ' tag='700'>
        <subfield code='a'>Hasan, Mohammad R.</subfield>
      </datafield>
      <datafield ind1='1' ind2=' ' tag='700'>
        <subfield code='a'>Halwart, Matthias.</subfield>
      </datafield>
      <datafield ind1='2' ind2=' ' tag='710'>
        <subfield code='a'>Food and Agriculture Organization of the United Nations.</subfield>
      </datafield>
      <datafield ind1=' ' ind2='0' tag='830'>
        <subfield code='a'>FAO fisheries and aquaculture technical paper ;</subfield>
        <subfield code='v'>518.</subfield>
      </datafield>
      <datafield ind1=' ' ind2=' ' tag='907'>
        <subfield code='a'>b8420259</subfield>
      </datafield>
      <datafield ind1='9' ind2='1' tag='999'>
        <subfield code='i'>i10949150</subfield>
        <subfield code='l'>dcpw</subfield>
        <subfield code='s'>-</subfield>
        <subfield code='t'>20</subfield>
        <subfield code='c'>1</subfield>
        <subfield code='o'>0</subfield>
        <subfield code='b'>00049870709</subfield>
      </datafield>
      <datafield ind1='0' ind2='0' tag='999'>
        <subfield code='a'>2016-02-10 00:00:00-05</subfield>
        <subfield code='c'>2016-02-10 10:55:02-05</subfield>
        <subfield code='u'>2016-02-15 13:50:20-05</subfield>
      </datafield>
  </record>