
  <record>
    <leader>00000cam a2200589Ii 4500</leader>
      <controlfield tag='008'>160607t20162016ncua          000 0 eng d</controlfield>
      <controlfield tag='001'>951244590</controlfield>
      <controlfield tag='003'>OCoLC</controlfield>
      <controlfield tag='005'>20170123010829.0</controlfield>
      <datafield ind1=' ' ind2=' ' tag='020'>
        <subfield code='a'>9781495196959</subfield>
      </datafield>
      <datafield ind1=' ' ind2=' ' tag='020'>
        <subfield code='a'>149519695X</subfield>
      </datafield>
      <datafield ind1=' ' ind2=' ' tag='035'>
        <subfield code='a'>(OCoLC)951244590</subfield>
      </datafield>
      <datafield ind1=' ' ind2=' ' tag='040'>
        <subfield code='a'>EEM</subfield>
        <subfield code='b'>eng</subfield>
        <subfield code='e'>rda</subfield>
        <subfield code='c'>EEM</subfield>
        <subfield code='d'>EEM</subfield>
        <subfield code='d'>GZN</subfield>
        <subfield code='d'>INU</subfield>
        <subfield code='d'>KLG</subfield>
        <subfield code='d'>NKM</subfield>
        <subfield code='d'>CUT</subfield>
        <subfield code='d'>CUS</subfield>
        <subfield code='d'>CUY</subfield>
        <subfield code='d'>NOC</subfield>
      </datafield>
      <datafield ind1=' ' ind2=' ' tag='049'>
        <subfield code='a'>NOCC</subfield>
      </datafield>
      <datafield ind1=' ' ind2='4' tag='050'>
        <subfield code='a'>N7433.4.S427</subfield>
        <subfield code='b'>T73 2016</subfield>
      </datafield>
      <datafield ind1='1' ind2=' ' tag='100'>
        <subfield code='a'>Sligh, Clarissa T.,</subfield>
        <subfield code='e'>author,</subfield>
        <subfield code='e'>book artist.</subfield>
      </datafield>
      <datafield ind1='1' ind2='0' tag='245'>
        <subfield code='a'>Transforming hate :</subfield>
        <subfield code='b'>an artist&apos;s book /</subfield>
        <subfield code='c'>Clarissa Sligh.</subfield>
      </datafield>
      <datafield ind1=' ' ind2=' ' tag='250'>
        <subfield code='a'>First edition.</subfield>
      </datafield>
      <datafield ind1=' ' ind2='1' tag='264'>
        <subfield code='a'>[Asheville, North Carolina] :</subfield>
        <subfield code='b'>Clarissa T. Sligh,</subfield>
        <subfield code='c'>2016.</subfield>
      </datafield>
      <datafield ind1=' ' ind2='4' tag='264'>
        <subfield code='c'>©2016</subfield>
      </datafield>
      <datafield ind1=' ' ind2=' ' tag='300'>
        <subfield code='a'>108 unnumbered pages (including covers) :</subfield>
        <subfield code='b'>color illustrations ;</subfield>
        <subfield code='c'>21 cm</subfield>
      </datafield>
      <datafield ind1=' ' ind2=' ' tag='336'>
        <subfield code='a'>text</subfield>
        <subfield code='b'>txt</subfield>
        <subfield code='2'>rdacontent</subfield>
      </datafield>
      <datafield ind1=' ' ind2=' ' tag='336'>
        <subfield code='a'>still image</subfield>
        <subfield code='b'>sti</subfield>
        <subfield code='2'>rdacontent</subfield>
      </datafield>
      <datafield ind1=' ' ind2=' ' tag='337'>
        <subfield code='a'>unmediated</subfield>
        <subfield code='b'>n</subfield>
        <subfield code='2'>rdamedia</subfield>
      </datafield>
      <datafield ind1=' ' ind2=' ' tag='338'>
        <subfield code='a'>volume</subfield>
        <subfield code='b'>nc</subfield>
        <subfield code='2'>rdacarrier</subfield>
      </datafield>
      <datafield ind1=' ' ind2=' ' tag='500'>
        <subfield code='a'>Edition of 1000.</subfield>
      </datafield>
      <datafield ind1=' ' ind2=' ' tag='500'>
        <subfield code='a'>&quot;Book, cover and case designed by Susan Rhew Design, Inc. and printed by Blue Ridge Printing, both of Asheville, NC.&quot;--Colophon.</subfield>
      </datafield>
      <datafield ind1=' ' ind2=' ' tag='520'>
        <subfield code='a'>Transforming Hate (2007-present) is a project comprised of folded origami cranes, photographs, installations, artist books, other image-text narratives, and workshops with local community organizations. In this work, historical elements are used as a framing device to construct the evolution of our shared identity. --</subfield>
        <subfield code='c'>Description from the artist&apos;s website http://clarissasligh.com/themes/transformation-change/transforming-hate/ (last viewed 20170105).</subfield>
      </datafield>
      <datafield ind1='1' ind2=' ' tag='561'>
        <subfield code='a'>Author&apos;s autograph on front book flap.</subfield>
      </datafield>
      <datafield ind1=' ' ind2=' ' tag='563'>
        <subfield code='a'>Perfect bound softcover. Four-color offset lithography. Illustrated paper wrappers with flaps. Housed in foldout die-cut box with gold foil origami crane inserted into cover slot. Signed and numbered by the artist on book&apos;s front cover flap -- Description from</subfield>
        <subfield code='u'>http://vampandtramp.com/finepress/s/clarissa-sligh.html</subfield>
      </datafield>
      <datafield ind1=' ' ind2='0' tag='650'>
        <subfield code='a'>Oppression (Psychology)</subfield>
      </datafield>
      <datafield ind1=' ' ind2='0' tag='650'>
        <subfield code='a'>Hate.</subfield>
      </datafield>
      <datafield ind1=' ' ind2='0' tag='650'>
        <subfield code='a'>Social conflict.</subfield>
      </datafield>
      <datafield ind1=' ' ind2='0' tag='650'>
        <subfield code='a'>Violence.</subfield>
      </datafield>
      <datafield ind1=' ' ind2='0' tag='650'>
        <subfield code='a'>Social change.</subfield>
      </datafield>
      <datafield ind1=' ' ind2='0' tag='650'>
        <subfield code='a'>Artists&apos; books</subfield>
        <subfield code='y'>21st century</subfield>
        <subfield code='v'>Specimens.</subfield>
      </datafield>
      <datafield ind1=' ' ind2='0' tag='650'>
        <subfield code='a'>Paper work</subfield>
        <subfield code='v'>Specimens.</subfield>
      </datafield>
      <datafield ind1=' ' ind2='0' tag='650'>
        <subfield code='a'>Origami</subfield>
        <subfield code='v'>Specimens.</subfield>
      </datafield>
      <datafield ind1=' ' ind2='7' tag='650'>
        <subfield code='a'>Binding method</subfield>
        <subfield code='v'>Perfect binding.</subfield>
        <subfield code='2'>bkart</subfield>
      </datafield>
      <datafield ind1=' ' ind2='7' tag='650'>
        <subfield code='a'>Printing / production method</subfield>
        <subfield code='v'>Offset.</subfield>
        <subfield code='2'>bkart</subfield>
      </datafield>
      <datafield ind1=' ' ind2='7' tag='655'>
        <subfield code='a'>Authors&apos; autographs (Provenance)</subfield>
        <subfield code='2'>rbprov</subfield>
        <subfield code='5'>NcU</subfield>
      </datafield>
      <datafield ind1=' ' ind2='7' tag='655'>
        <subfield code='a'>Artists&apos; books</subfield>
        <subfield code='z'>North Carolina</subfield>
        <subfield code='y'>2010-2019.</subfield>
        <subfield code='2'>rbgenr</subfield>
      </datafield>
      <datafield ind1=' ' ind2='7' tag='655'>
        <subfield code='a'>Paper cutouts (Paper)</subfield>
        <subfield code='2'>rbpap</subfield>
      </datafield>
      <datafield ind1='2' ind2=' ' tag='710'>
        <subfield code='a'>Susan Rhew Design,</subfield>
        <subfield code='e'>book designer.</subfield>
      </datafield>
      <datafield ind1='2' ind2=' ' tag='710'>
        <subfield code='a'>Blue Ridge Printing,</subfield>
        <subfield code='e'>printer.</subfield>
      </datafield>
      <datafield ind1='2' ind2=' ' tag='791'>
        <subfield code='a'>T. Henry and Penelope Clarke Library Fund in Honor of Margaret Bland Clarke.</subfield>
      </datafield>
      <datafield ind1=' ' ind2=' ' tag='907'>
        <subfield code='a'>b8681679</subfield>
      </datafield>
      <datafield ind1='9' ind2='1' tag='999'>
        <subfield code='i'>i11239373</subfield>
        <subfield code='l'>aart</subfield>
        <subfield code='s'>o</subfield>
        <subfield code='t'>78</subfield>
        <subfield code='c'>1</subfield>
        <subfield code='o'>2</subfield>
        <subfield code='b'>00051062320</subfield>
        <subfield code='p'>050#4</subfield>
        <subfield code='q'>|aN7433.4.S427|bT73 2016</subfield>
      </datafield>
      <datafield ind1='0' ind2='0' tag='999'>
        <subfield code='a'>2017-01-23 00:00:00-05</subfield>
        <subfield code='c'>2016-12-02 14:03:32-05</subfield>
        <subfield code='u'>2017-07-10 21:04:44-04</subfield>
      </datafield>
  </record>