
  <record>
    <leader>00000cas a2200649 a 4500</leader>
      <controlfield tag='006'>m        d</controlfield>
      <controlfield tag='007'>cr  n</controlfield>
      <controlfield tag='008'>981105d19982001fr ar   s s  i0    0eng c</controlfield>
      <controlfield tag='001'>ssj0000516378</controlfield>
      <controlfield tag='003'>WaSeSS</controlfield>
      <controlfield tag='005'>20180107205143.0</controlfield>
      <datafield ind1=' ' ind2=' ' tag='010'>
        <subfield code='a'>sn 98030309</subfield>
      </datafield>
      <datafield ind1='7' ind2=' ' tag='016'>
        <subfield code='a'>009889403</subfield>
        <subfield code='2'>Uk</subfield>
      </datafield>
      <datafield ind1=' ' ind2=' ' tag='016'>
        <subfield code='a'>(AMICUS)000019574922</subfield>
      </datafield>
      <datafield ind1=' ' ind2=' ' tag='016'>
        <subfield code='a'>(AMICUS)43574771</subfield>
        <subfield code='2'>CaOONL</subfield>
      </datafield>
      <datafield ind1=' ' ind2=' ' tag='022'>
        <subfield code='a'>1999-091X</subfield>
      </datafield>
      <datafield ind1=' ' ind2=' ' tag='035'>
        <subfield code='z'>40245697</subfield>
      </datafield>
      <datafield ind1=' ' ind2=' ' tag='040'>
        <subfield code='a'>DTC</subfield>
        <subfield code='b'>eng</subfield>
        <subfield code='c'>DTC</subfield>
        <subfield code='d'>GUA</subfield>
        <subfield code='d'>EYM</subfield>
        <subfield code='d'>UMC</subfield>
        <subfield code='d'>NYG</subfield>
        <subfield code='d'>AGL</subfield>
        <subfield code='d'>IUL</subfield>
        <subfield code='d'>AGL</subfield>
        <subfield code='d'>SYS</subfield>
        <subfield code='d'>GUA</subfield>
        <subfield code='d'>MYG</subfield>
        <subfield code='d'>DLC</subfield>
        <subfield code='d'>WAU</subfield>
        <subfield code='d'>AGL</subfield>
        <subfield code='d'>DLC</subfield>
        <subfield code='d'>UMC</subfield>
        <subfield code='d'>OCLCQ</subfield>
        <subfield code='d'>MYG</subfield>
        <subfield code='d'>NLGGC</subfield>
        <subfield code='d'>UKMGB</subfield>
        <subfield code='d'>OCLCQ</subfield>
        <subfield code='d'>OCLCF</subfield>
        <subfield code='d'>OCLCO</subfield>
        <subfield code='d'>NLC</subfield>
        <subfield code='d'>WaSeSS</subfield>
      </datafield>
      <datafield ind1=' ' ind2=' ' tag='042'>
        <subfield code='a'>pcc</subfield>
      </datafield>
      <datafield ind1=' ' ind2=' ' tag='043'>
        <subfield code='a'>ee-----</subfield>
        <subfield code='a'>e-ur---</subfield>
        <subfield code='a'>a-cc---</subfield>
      </datafield>
      <datafield ind1='0' ind2='0' tag='050'>
        <subfield code='a'>HD9015.E782</subfield>
        <subfield code='b'>A36</subfield>
      </datafield>
      <datafield ind1='0' ind2=' ' tag='070'>
        <subfield code='a'>HD9000.1</subfield>
        <subfield code='b'>.A474</subfield>
      </datafield>
      <datafield ind1=' ' ind2='0' tag='072'>
        <subfield code='a'>E700</subfield>
      </datafield>
      <datafield ind1='0' ind2=' ' tag='130'>
        <subfield code='a'>Agricultural policies in emerging and transition economies (Online)</subfield>
      </datafield>
      <datafield ind1='1' ind2='0' tag='245'>
        <subfield code='a'>Agricultural policies in emerging and transition economies</subfield>
        <subfield code='h'>[electronic resource].</subfield>
      </datafield>
      <datafield ind1=' ' ind2=' ' tag='260'>
        <subfield code='a'>Paris :</subfield>
        <subfield code='b'>Organisation for Economic Co-operation and Development and OECD Centre for Co-operation with Non-members,</subfield>
        <subfield code='c'>c1998-c2001.</subfield>
      </datafield>
      <datafield ind1=' ' ind2=' ' tag='310'>
        <subfield code='a'>Annual</subfield>
      </datafield>
      <datafield ind1='0' ind2=' ' tag='362'>
        <subfield code='a'>1998-2001.</subfield>
      </datafield>
      <datafield ind1=' ' ind2=' ' tag='500'>
        <subfield code='a'>Issue for 1999 published in two parts, with the second part called supplement and having title: Agriculture at a glance in emerging and transition economies.</subfield>
      </datafield>
      <datafield ind1='8' ind2=' ' tag='522'>
        <subfield code='a'>&quot;The non-OECD countries in this report comprise ... central and Eastern European countries (CEECs), major New Indepenent States (NIS), and China, Brazil, and India ...&quot;</subfield>
      </datafield>
      <datafield ind1=' ' ind2=' ' tag='580'>
        <subfield code='a'>Issued also in French: Politiques agricoles des pays de l&apos;OCDE.</subfield>
      </datafield>
      <datafield ind1=' ' ind2=' ' tag='580'>
        <subfield code='a'>More complete balance sheet and historical data is available on: OECD agricultural databases.</subfield>
      </datafield>
      <datafield ind1=' ' ind2='0' tag='650'>
        <subfield code='a'>Produce trade</subfield>
        <subfield code='x'>Government policy</subfield>
        <subfield code='z'>Europe, Eastern</subfield>
        <subfield code='v'>Periodicals.</subfield>
      </datafield>
      <datafield ind1=' ' ind2='0' tag='650'>
        <subfield code='a'>Produce trade</subfield>
        <subfield code='x'>Government policy</subfield>
        <subfield code='z'>Former Soviet republics</subfield>
        <subfield code='v'>Periodicals.</subfield>
      </datafield>
      <datafield ind1=' ' ind2='0' tag='650'>
        <subfield code='a'>Produce trade</subfield>
        <subfield code='x'>Government policy</subfield>
        <subfield code='z'>China</subfield>
        <subfield code='v'>Periodicals.</subfield>
      </datafield>
      <datafield ind1=' ' ind2='0' tag='650'>
        <subfield code='a'>Produce trade</subfield>
        <subfield code='x'>Government policy</subfield>
        <subfield code='z'>Brazil</subfield>
        <subfield code='v'>Periodicals.</subfield>
      </datafield>
      <datafield ind1=' ' ind2='0' tag='650'>
        <subfield code='a'>Produce trade</subfield>
        <subfield code='x'>Government policy</subfield>
        <subfield code='z'>India</subfield>
        <subfield code='v'>Periodicals.</subfield>
      </datafield>
      <datafield ind1='1' ind2='7' tag='650'>
        <subfield code='a'>Agrarisch beleid.</subfield>
        <subfield code='2'>gtt</subfield>
      </datafield>
      <datafield ind1=' ' ind2='7' tag='650'>
        <subfield code='a'>Produce trade</subfield>
        <subfield code='x'>Government policy.</subfield>
        <subfield code='2'>fast</subfield>
        <subfield code='0'>(OCoLC)fst01078149</subfield>
      </datafield>
      <datafield ind1=' ' ind2='7' tag='651'>
        <subfield code='a'>Brazil.</subfield>
        <subfield code='2'>fast</subfield>
        <subfield code='0'>(OCoLC)fst01206830</subfield>
      </datafield>
      <datafield ind1=' ' ind2='7' tag='651'>
        <subfield code='a'>China.</subfield>
        <subfield code='2'>fast</subfield>
        <subfield code='0'>(OCoLC)fst01206073</subfield>
      </datafield>
      <datafield ind1=' ' ind2='7' tag='651'>
        <subfield code='a'>Europe, Eastern.</subfield>
        <subfield code='2'>fast</subfield>
        <subfield code='0'>(OCoLC)fst01245079</subfield>
      </datafield>
      <datafield ind1=' ' ind2='7' tag='651'>
        <subfield code='a'>India.</subfield>
        <subfield code='2'>fast</subfield>
        <subfield code='0'>(OCoLC)fst01210276</subfield>
      </datafield>
      <datafield ind1=' ' ind2='7' tag='651'>
        <subfield code='a'>Soviet Union</subfield>
        <subfield code='z'>Former Soviet republics.</subfield>
        <subfield code='2'>fast</subfield>
        <subfield code='0'>(OCoLC)fst01262458</subfield>
      </datafield>
      <datafield ind1=' ' ind2='0' tag='655'>
        <subfield code='a'>Electronic journals.</subfield>
      </datafield>
      <datafield ind1='2' ind2=' ' tag='710'>
        <subfield code='a'>Organisation for Economic Co-operation and Development.</subfield>
      </datafield>
      <datafield ind1='2' ind2=' ' tag='710'>
        <subfield code='a'>Centre for Co-operation with Non-members.</subfield>
      </datafield>
      <datafield ind1='0' ind2='2' tag='740'>
        <subfield code='a'>Agriculture at a glance in emerging and transition economies.</subfield>
      </datafield>
      <datafield ind1='1' ind2=' ' tag='776'>
        <subfield code='t'>OECD agricultural databases</subfield>
        <subfield code='w'>(DLC)  2002236128</subfield>
        <subfield code='w'>(OCoLC)49890136</subfield>
      </datafield>
      <datafield ind1='0' ind2='8' tag='776'>
        <subfield code='i'>Online version:</subfield>
        <subfield code='t'>Agricultural policies in emerging and transition economies</subfield>
        <subfield code='w'>(OCoLC)607810602</subfield>
      </datafield>
      <datafield ind1='0' ind2='0' tag='780'>
        <subfield code='t'>Agricultural policies in transition economies</subfield>
        <subfield code='w'>(DLC)   98649038</subfield>
        <subfield code='w'>(OCoLC)37721169</subfield>
      </datafield>
      <datafield ind1='0' ind2='0' tag='785'>
        <subfield code='t'>Agricultural policies in transition economies (2002)</subfield>
        <subfield code='w'>(DLC)  2002253422</subfield>
        <subfield code='w'>(OCoLC)50906646</subfield>
      </datafield>
      <datafield ind1=' ' ind2=' ' tag='850'>
        <subfield code='a'>DLC</subfield>
        <subfield code='a'>DNAL</subfield>
        <subfield code='a'>GU</subfield>
        <subfield code='a'>MiU</subfield>
      </datafield>
      <datafield ind1='4' ind2='0' tag='856'>
        <subfield code='y'>Full text available via the UNC-Chapel Hill Libraries</subfield>
        <subfield code='u'>http://VB3LK7EB4T.search.serialssolutions.com/?V=1.0&amp;L=VB3LK7EB4T&amp;S=JCs&amp;C=TC0000516378&amp;T=marc</subfield>
        <subfield code='x'>OECD iLibrary</subfield>
      </datafield>
      <datafield ind1=' ' ind2='2' tag='907'>
        <subfield code='a'>b8954715</subfield>
      </datafield>
      <datafield ind1='0' ind2='0' tag='999'>
        <subfield code='a'>2018-01-08 00:00:00-05</subfield>
        <subfield code='c'>2017-09-13 12:53:57-04</subfield>
        <subfield code='u'>2018-01-08 14:27:34-05</subfield>
      </datafield>
  </record>