
  <record>
    <leader>00000cam a2200673Ii 4500</leader>
      <controlfield tag='008'>170703t20172017gw aco g bc   001 0 eng d</controlfield>
      <controlfield tag='001'>992487406</controlfield>
      <controlfield tag='003'>OCoLC</controlfield>
      <controlfield tag='005'>20180222112608.0</controlfield>
      <datafield ind1=' ' ind2=' ' tag='019'>
        <subfield code='a'>992743042</subfield>
      </datafield>
      <datafield ind1=' ' ind2=' ' tag='020'>
        <subfield code='a'>3791357166</subfield>
        <subfield code='q'>(cloth ; hardbound)</subfield>
      </datafield>
      <datafield ind1=' ' ind2=' ' tag='020'>
        <subfield code='a'>9783791357164</subfield>
        <subfield code='q'>(cloth ; hardbound)</subfield>
      </datafield>
      <datafield ind1=' ' ind2=' ' tag='035'>
        <subfield code='a'>(OCoLC)992487406</subfield>
        <subfield code='z'>(OCoLC)992743042</subfield>
      </datafield>
      <datafield ind1=' ' ind2=' ' tag='040'>
        <subfield code='a'>YDX</subfield>
        <subfield code='b'>eng</subfield>
        <subfield code='e'>rda</subfield>
        <subfield code='c'>YDX</subfield>
        <subfield code='d'>BDX</subfield>
        <subfield code='d'>BTCTA</subfield>
        <subfield code='d'>ERASA</subfield>
        <subfield code='d'>YKM</subfield>
        <subfield code='d'>OCLCF</subfield>
        <subfield code='d'>UNH</subfield>
        <subfield code='d'>OHX</subfield>
        <subfield code='d'>COD</subfield>
        <subfield code='d'>BRL</subfield>
        <subfield code='d'>UBY</subfield>
        <subfield code='d'>SINLB</subfield>
        <subfield code='d'>OCLCO</subfield>
      </datafield>
      <datafield ind1='1' ind2=' ' tag='041'>
        <subfield code='a'>eng</subfield>
        <subfield code='h'>ger</subfield>
      </datafield>
      <datafield ind1=' ' ind2=' ' tag='043'>
        <subfield code='a'>e-au---</subfield>
      </datafield>
      <datafield ind1=' ' ind2='4' tag='050'>
        <subfield code='a'>NK945.V53</subfield>
        <subfield code='b'>N58 2017</subfield>
      </datafield>
      <datafield ind1='0' ind2='4' tag='082'>
        <subfield code='a'>745</subfield>
      </datafield>
      <datafield ind1='0' ind2='0' tag='245'>
        <subfield code='a'>Wiener Werkstätte 1903-1932 :</subfield>
        <subfield code='b'>the luxury of beauty /</subfield>
        <subfield code='c'>edited by Christian Witt-Dörring and Janis Staggs ; preface by Ronald S. Lauder, foreword by Renée Price, with contributions by Paul Asenbaum [and ten others]</subfield>
      </datafield>
      <datafield ind1=' ' ind2='1' tag='264'>
        <subfield code='a'>Munich, Germany ;</subfield>
        <subfield code='a'>London, England ;</subfield>
        <subfield code='a'>New York, New York :</subfield>
        <subfield code='b'>Prestel ;</subfield>
        <subfield code='a'>New York, New York :</subfield>
        <subfield code='b'>Ronald S. Lauder Neue Galerie Museum for German and Austrian Art,</subfield>
        <subfield code='c'>[2017]</subfield>
      </datafield>
      <datafield ind1=' ' ind2='3' tag='264'>
        <subfield code='a'>Passau, Germany :</subfield>
        <subfield code='b'>Passavia.</subfield>
      </datafield>
      <datafield ind1=' ' ind2='4' tag='264'>
        <subfield code='c'>©2017</subfield>
      </datafield>
      <datafield ind1=' ' ind2=' ' tag='300'>
        <subfield code='a'>576 pages :</subfield>
        <subfield code='b'>illustrations (some color), portraits, photographs ;</subfield>
        <subfield code='c'>29 cm</subfield>
      </datafield>
      <datafield ind1=' ' ind2=' ' tag='336'>
        <subfield code='a'>text</subfield>
        <subfield code='b'>txt</subfield>
        <subfield code='2'>rdacontent</subfield>
      </datafield>
      <datafield ind1=' ' ind2=' ' tag='336'>
        <subfield code='a'>still image</subfield>
        <subfield code='b'>sti</subfield>
        <subfield code='2'>rdacontent</subfield>
      </datafield>
      <datafield ind1=' ' ind2=' ' tag='337'>
        <subfield code='a'>unmediated</subfield>
        <subfield code='b'>n</subfield>
        <subfield code='2'>rdamedia</subfield>
      </datafield>
      <datafield ind1=' ' ind2=' ' tag='338'>
        <subfield code='a'>volume</subfield>
        <subfield code='b'>nc</subfield>
        <subfield code='2'>rdacarrier</subfield>
      </datafield>
      <datafield ind1=' ' ind2=' ' tag='504'>
        <subfield code='a'>Includes bibliographical references and index.</subfield>
      </datafield>
      <datafield ind1='0' ind2='0' tag='505'>
        <subfield code='t'>Economics /</subfield>
        <subfield code='r'>Ernst Ploil --</subfield>
        <subfield code='t'>Graphics /</subfield>
        <subfield code='r'>Rainald Franz --</subfield>
        <subfield code='t'>Glass /</subfield>
        <subfield code='r'>Rainald Franz --</subfield>
        <subfield code='t'>Metal /</subfield>
        <subfield code='r'>Elisabeth Schmuttermeier --</subfield>
        <subfield code='t'>Bookbinding and leather /</subfield>
        <subfield code='r'>Isabella Croÿ-Frick --</subfield>
        <subfield code='t'>Furniture /</subfield>
        <subfield code='r'>Christian Witt-Dörring --</subfield>
        <subfield code='t'>Fashion, textiles, and wallpaper /</subfield>
        <subfield code='r'>Angela Völker --</subfield>
        <subfield code='t'>Ceramics /</subfield>
        <subfield code='r'>Marianne Hussl-Hörmann --</subfield>
        <subfield code='t'>Klimt and the Wiener Werkstätte /</subfield>
        <subfield code='r'>Ann-Katrin Rossberg --</subfield>
        <subfield code='t'>Palais Stoclet /</subfield>
        <subfield code='r'>Christian Witt-Dörring --</subfield>
        <subfield code='t'>Garden architecture /</subfield>
        <subfield code='r'>Anette Freytag --</subfield>
        <subfield code='t'>From Vienna to New York /</subfield>
        <subfield code='r'>Christian Witt-Dörring --</subfield>
        <subfield code='t'>The Wiener Werkstätte of America /</subfield>
        <subfield code='r'>Janis Staggs --</subfield>
        <subfield code='t'>Joseph Urban and cosmopolitan productions /</subfield>
        <subfield code='r'>Janis Staggs --</subfield>
        <subfield code='t'>Showrooms /</subfield>
        <subfield code='r'>Paul Asenbaum and Ernst Ploil --</subfield>
        <subfield code='t'>Marks /</subfield>
        <subfield code='r'>Elisabeth Schmuttermeier and Marianne Hussl-Hörmann --</subfield>
        <subfield code='t'>Timeline /</subfield>
        <subfield code='r'>Christian Witt-Dörring and Janis Staggs.</subfield>
      </datafield>
      <datafield ind1=' ' ind2=' ' tag='518'>
        <subfield code='o'>&quot;Wiener Werkstätte 1903-1932 : the Luxury of Beauty&quot; :</subfield>
        <subfield code='d'>October 26, 2017-January 29, 2018,</subfield>
        <subfield code='p'>Neue Galerie, New York, New York, United States.</subfield>
      </datafield>
      <datafield ind1='8' ind2=' ' tag='520'>
        <subfield code='a'>The Wiener Werkstätte, founded by Josef Hoffmann, Koloman Moser, and Fritz Waerndorfer, was an artists&apos; and craftsmen&apos;s collective that existed in Vienna from 1903 until 1932. The artists&apos; goal was to bring high-quality design and craft into all areas of life and to elevate everyday objects into pieces of art. During that time, the collective produced items in a variety of media including ceramics, furniture, glass, jewelry, metalwork, and textiles. The Wiener Werkstätte style influenced generations of architects from Bauhaus to Art Deco. This book features the work of well-known Wiener Werkstätte members such as Josef Hoffmann, Koloman Moser, and Dagobert Peche along with lesser known designers such as Gudrun Baudisch, Carl Otto Czeschka, and Ugo Zovetti. It also includes in-depth essays that explore the Wiener Werkstätte&apos;s long history and legacy.</subfield>
      </datafield>
      <datafield ind1=' ' ind2=' ' tag='546'>
        <subfield code='a'>Text in English, translated from the German.</subfield>
      </datafield>
      <datafield ind1=' ' ind2=' ' tag='585'>
        <subfield code='a'>&quot;Published in conjunction with the exhibition Wiener Werkstätte 1903-1932 : the luxury of beauty, Neue Galerie New York, October 26, 2017-January 29, 2018&quot; (title page verso).</subfield>
      </datafield>
      <datafield ind1='2' ind2='0' tag='610'>
        <subfield code='a'>Wiener Werkstätte</subfield>
        <subfield code='v'>Exhibitions.</subfield>
      </datafield>
      <datafield ind1='2' ind2='7' tag='610'>
        <subfield code='a'>Wiener Werkstätte.</subfield>
        <subfield code='2'>fast</subfield>
        <subfield code='0'>(OCoLC)fst00537917</subfield>
      </datafield>
      <datafield ind1=' ' ind2='0' tag='650'>
        <subfield code='a'>Decorative arts</subfield>
        <subfield code='z'>Austria</subfield>
        <subfield code='x'>History</subfield>
        <subfield code='y'>20th century</subfield>
        <subfield code='v'>Exhibitions.</subfield>
      </datafield>
      <datafield ind1=' ' ind2='0' tag='650'>
        <subfield code='a'>Modernism (Art)</subfield>
        <subfield code='z'>Austria</subfield>
        <subfield code='x'>History</subfield>
        <subfield code='y'>20th century</subfield>
        <subfield code='v'>Exhibitions.</subfield>
      </datafield>
      <datafield ind1=' ' ind2='0' tag='650'>
        <subfield code='a'>Art and design</subfield>
        <subfield code='z'>Austria</subfield>
        <subfield code='x'>History</subfield>
        <subfield code='y'>20th century</subfield>
        <subfield code='v'>Exhibitions.</subfield>
      </datafield>
      <datafield ind1=' ' ind2='7' tag='655'>
        <subfield code='a'>Exhibition catalogs.</subfield>
        <subfield code='2'>lcgft</subfield>
      </datafield>
      <datafield ind1=' ' ind2='7' tag='655'>
        <subfield code='a'>Essays.</subfield>
        <subfield code='2'>lcgft</subfield>
      </datafield>
      <datafield ind1=' ' ind2='7' tag='655'>
        <subfield code='a'>Illustrated works.</subfield>
        <subfield code='2'>lcgft</subfield>
      </datafield>
      <datafield ind1='1' ind2=' ' tag='700'>
        <subfield code='a'>Witt-Dörring, Christian,</subfield>
        <subfield code='e'>editor.</subfield>
      </datafield>
      <datafield ind1='1' ind2=' ' tag='700'>
        <subfield code='a'>Staggs, Janis,</subfield>
        <subfield code='e'>editor.</subfield>
      </datafield>
      <datafield ind1='1' ind2=' ' tag='700'>
        <subfield code='a'>Lauder, Ronald S.,</subfield>
        <subfield code='e'>writer of preface.</subfield>
      </datafield>
      <datafield ind1='1' ind2=' ' tag='700'>
        <subfield code='a'>Price, Renée,</subfield>
        <subfield code='e'>writer of foreword.</subfield>
      </datafield>
      <datafield ind1='1' ind2=' ' tag='700'>
        <subfield code='a'>Asenbaum, Paul,</subfield>
        <subfield code='d'>1953-</subfield>
      </datafield>
      <datafield ind1='2' ind2=' ' tag='710'>
        <subfield code='a'>Neue Galerie New York,</subfield>
        <subfield code='e'>issuing body,</subfield>
        <subfield code='e'>publisher,</subfield>
        <subfield code='e'>host institution.</subfield>
      </datafield>
      <datafield ind1='2' ind2=' ' tag='710'>
        <subfield code='a'>Prestel Verlag,</subfield>
        <subfield code='e'>publisher.</subfield>
      </datafield>
      <datafield ind1='2' ind2=' ' tag='710'>
        <subfield code='a'>Passavia Druckservice,</subfield>
        <subfield code='e'>printer,</subfield>
        <subfield code='e'>binder.</subfield>
      </datafield>
      <datafield ind1=' ' ind2=' ' tag='752'>
        <subfield code='a'>Germany</subfield>
        <subfield code='b'>Bavaria</subfield>
        <subfield code='d'>Munich.</subfield>
      </datafield>
      <datafield ind1=' ' ind2=' ' tag='752'>
        <subfield code='a'>United Kingdom</subfield>
        <subfield code='b'>England</subfield>
        <subfield code='d'>London.</subfield>
      </datafield>
      <datafield ind1=' ' ind2=' ' tag='752'>
        <subfield code='a'>United States</subfield>
        <subfield code='b'>New York</subfield>
        <subfield code='d'>New York.</subfield>
      </datafield>
      <datafield ind1=' ' ind2=' ' tag='752'>
        <subfield code='a'>Germany</subfield>
        <subfield code='b'>Bavaria</subfield>
        <subfield code='d'>Passau.</subfield>
      </datafield>
      <datafield ind1=' ' ind2=' ' tag='907'>
        <subfield code='a'>b9057170</subfield>
      </datafield>
      <datafield ind1='9' ind2='1' tag='999'>
        <subfield code='i'>i11568601</subfield>
        <subfield code='l'>aada</subfield>
        <subfield code='s'>-</subfield>
        <subfield code='t'>0</subfield>
        <subfield code='c'>1</subfield>
        <subfield code='o'>0</subfield>
        <subfield code='b'>00052796900</subfield>
        <subfield code='p'>050#4</subfield>
        <subfield code='q'>|aNK945.V53|bN58 2017</subfield>
      </datafield>
      <datafield ind1='9' ind2='1' tag='999'>
        <subfield code='i'>i11570121</subfield>
        <subfield code='l'>aada</subfield>
        <subfield code='s'>-</subfield>
        <subfield code='t'>0</subfield>
        <subfield code='c'>2</subfield>
        <subfield code='o'>0</subfield>
        <subfield code='b'>00052825120</subfield>
        <subfield code='p'>050#4</subfield>
        <subfield code='q'>|aNK945.V53|bN58 2017</subfield>
      </datafield>
      <datafield ind1='0' ind2='0' tag='999'>
        <subfield code='a'>2018-02-22 00:00:00-05</subfield>
        <subfield code='c'>2018-02-19 09:16:56-05</subfield>
        <subfield code='u'>2018-02-27 16:03:58-05</subfield>
      </datafield>
  </record>