
  <record>
    <leader>00000cam a2200493Mu 4500</leader>
      <controlfield tag='006'>m     o  d</controlfield>
      <controlfield tag='007'>cr |n||||||||a</controlfield>
      <controlfield tag='008'>171209s2017    xx      o     000 0 eng d</controlfield>
      <controlfield tag='001'>1014450084wcmSPRnew</controlfield>
      <controlfield tag='003'>OCoLC</controlfield>
      <controlfield tag='005'>20180309083144.3</controlfield>
      <datafield ind1=' ' ind2=' ' tag='019'>
        <subfield code='a'>1013823946wcmSPRnew</subfield>
      </datafield>
      <datafield ind1=' ' ind2=' ' tag='020'>
        <subfield code='a'>3319701819</subfield>
      </datafield>
      <datafield ind1=' ' ind2=' ' tag='035'>
        <subfield code='a'>(OCoLC)1014450084</subfield>
        <subfield code='z'>(OCoLC)1013823946</subfield>
      </datafield>
      <datafield ind1=' ' ind2=' ' tag='040'>
        <subfield code='a'>EBLCP</subfield>
        <subfield code='b'>eng</subfield>
        <subfield code='c'>EBLCP</subfield>
        <subfield code='d'>OCLCO</subfield>
        <subfield code='d'>YDX</subfield>
        <subfield code='d'>N$T</subfield>
        <subfield code='d'>GW5XE</subfield>
        <subfield code='d'>OCLCF</subfield>
        <subfield code='d'>UAB</subfield>
        <subfield code='d'>MERER</subfield>
        <subfield code='d'>GZM</subfield>
      </datafield>
      <datafield ind1=' ' ind2='4' tag='050'>
        <subfield code='a'>QC1-75</subfield>
      </datafield>
      <datafield ind1=' ' ind2='7' tag='072'>
        <subfield code='a'>TEC</subfield>
        <subfield code='x'>009000</subfield>
        <subfield code='2'>bisacsh</subfield>
      </datafield>
      <datafield ind1=' ' ind2='7' tag='072'>
        <subfield code='a'>TEC</subfield>
        <subfield code='x'>035000</subfield>
        <subfield code='2'>bisacsh</subfield>
      </datafield>
      <datafield ind1='0' ind2='4' tag='082'>
        <subfield code='a'>530</subfield>
      </datafield>
      <datafield ind1='1' ind2=' ' tag='100'>
        <subfield code='a'>Kay, Nicholas D.</subfield>
      </datafield>
      <datafield ind1='1' ind2='0' tag='245'>
        <subfield code='a'>Nanomechanical and Nanoelectromechanical Phenomena in 2D Atomic Crystals :</subfield>
        <subfield code='b'>A Scanning Probe Microscopy Approach.</subfield>
      </datafield>
      <datafield ind1=' ' ind2='1' tag='264'>
        <subfield code='a'>Cham :</subfield>
        <subfield code='b'>Springer International Publishing AG, z.Hd. Alexander Grossmann,</subfield>
        <subfield code='c'>2017.</subfield>
      </datafield>
      <datafield ind1=' ' ind2=' ' tag='300'>
        <subfield code='a'>1 online resource (136 pages)</subfield>
      </datafield>
      <datafield ind1=' ' ind2=' ' tag='336'>
        <subfield code='a'>text</subfield>
        <subfield code='b'>txt</subfield>
        <subfield code='2'>rdacontent</subfield>
      </datafield>
      <datafield ind1=' ' ind2=' ' tag='337'>
        <subfield code='a'>computer</subfield>
        <subfield code='b'>c</subfield>
        <subfield code='2'>rdamedia</subfield>
      </datafield>
      <datafield ind1=' ' ind2=' ' tag='338'>
        <subfield code='a'>online resource</subfield>
        <subfield code='b'>cr</subfield>
        <subfield code='2'>rdacarrier</subfield>
      </datafield>
      <datafield ind1=' ' ind2=' ' tag='500'>
        <subfield code='a'>Description based upon print version of record.</subfield>
      </datafield>
      <datafield ind1='1' ind2=' ' tag='506'>
        <subfield code='a'>Access limited to UNC Chapel Hill-authenticated users.</subfield>
        <subfield code='f'>Unlimited simultaneous users</subfield>
      </datafield>
      <datafield ind1=' ' ind2='0' tag='650'>
        <subfield code='a'>Nanoelectromechanical systems.</subfield>
      </datafield>
      <datafield ind1=' ' ind2='0' tag='650'>
        <subfield code='a'>Nanostructured materials.</subfield>
      </datafield>
      <datafield ind1=' ' ind2='7' tag='650'>
        <subfield code='a'>Nanoelectromechanical systems.</subfield>
        <subfield code='2'>fast</subfield>
        <subfield code='0'>(OCoLC)fst01741807</subfield>
      </datafield>
      <datafield ind1=' ' ind2='7' tag='650'>
        <subfield code='a'>Nanostructured materials.</subfield>
        <subfield code='2'>fast</subfield>
        <subfield code='0'>(OCoLC)fst01032630</subfield>
      </datafield>
      <datafield ind1='0' ind2=' ' tag='773'>
        <subfield code='t'>Springer e-books (online collection). Physics and astronomy. 2018</subfield>
      </datafield>
      <datafield ind1='1' ind2=' ' tag='773'>
        <subfield code='t'>OCLC WorldShare Collection Manager managed collection. SPRnew</subfield>
      </datafield>
      <datafield ind1='0' ind2='8' tag='776'>
        <subfield code='i'>Print version:</subfield>
        <subfield code='a'>Kay, Nicholas D.</subfield>
        <subfield code='t'>Nanomechanical and Nanoelectromechanical Phenomena in 2D Atomic Crystals : A Scanning Probe Microscopy Approach</subfield>
        <subfield code='d'>Cham : Springer International Publishing AG, z.Hd. Alexander Grossmann,c2017</subfield>
        <subfield code='z'>9783319701806</subfield>
      </datafield>
      <datafield ind1=' ' ind2='0' tag='830'>
        <subfield code='a'>Springer theses.</subfield>
      </datafield>
      <datafield ind1='4' ind2='0' tag='856'>
        <subfield code='u'>http://libproxy.lib.unc.edu/login?url=http://link.springer.com/10.1007/978-3-319-70181-3</subfield>
        <subfield code='y'>Full text available via the UNC-Chapel Hill Libraries</subfield>
      </datafield>
      <datafield ind1=' ' ind2=' ' tag='907'>
        <subfield code='a'>b9058990</subfield>
      </datafield>
      <datafield ind1='0' ind2='0' tag='999'>
        <subfield code='a'>2018-02-21 00:00:00-05</subfield>
        <subfield code='c'>2018-02-21 08:36:35-05</subfield>
        <subfield code='u'>2018-03-21 12:01:44-04</subfield>
      </datafield>
  </record>