
  <record>
    <leader>00000cjm a2200829 i 4500</leader>
      <controlfield tag='007'>sd fsngnn|||eu</controlfield>
      <controlfield tag='008'>920204p19891981caumunn  d        n roa d</controlfield>
      <controlfield tag='001'>22234279</controlfield>
      <controlfield tag='003'>OCoLC</controlfield>
      <controlfield tag='005'>20180302105303.0</controlfield>
      <datafield ind1=' ' ind2=' ' tag='010'>
        <subfield code='a'>92751822</subfield>
      </datafield>
      <datafield ind1=' ' ind2=' ' tag='019'>
        <subfield code='a'>31615341</subfield>
      </datafield>
      <datafield ind1='1' ind2=' ' tag='024'>
        <subfield code='a'>096297030820</subfield>
      </datafield>
      <datafield ind1='0' ind2='2' tag='028'>
        <subfield code='a'>CD 308</subfield>
        <subfield code='b'>Arhoolie</subfield>
      </datafield>
      <datafield ind1=' ' ind2=' ' tag='035'>
        <subfield code='a'>(OCoLC)22234279</subfield>
        <subfield code='z'>(OCoLC)31615341</subfield>
      </datafield>
      <datafield ind1=' ' ind2=' ' tag='040'>
        <subfield code='a'>RPB</subfield>
        <subfield code='b'>eng</subfield>
        <subfield code='e'>rda</subfield>
        <subfield code='c'>DLC</subfield>
        <subfield code='d'>BTCTA</subfield>
        <subfield code='d'>LMJ</subfield>
        <subfield code='d'>OCLCO</subfield>
        <subfield code='d'>OCLCA</subfield>
        <subfield code='d'>OCLCF</subfield>
        <subfield code='d'>OCL</subfield>
        <subfield code='d'>OCLCQ</subfield>
        <subfield code='d'>TJC</subfield>
        <subfield code='d'>OCL</subfield>
        <subfield code='d'>NOC</subfield>
      </datafield>
      <datafield ind1='0' ind2=' ' tag='041'>
        <subfield code='d'>roa</subfield>
        <subfield code='e'>roa</subfield>
        <subfield code='e'>eng</subfield>
        <subfield code='n'>roa</subfield>
        <subfield code='g'>eng</subfield>
      </datafield>
      <datafield ind1=' ' ind2=' ' tag='042'>
        <subfield code='a'>lccopycat</subfield>
      </datafield>
      <datafield ind1=' ' ind2=' ' tag='043'>
        <subfield code='a'>n-us-la</subfield>
      </datafield>
      <datafield ind1=' ' ind2=' ' tag='047'>
        <subfield code='a'>pp</subfield>
        <subfield code='a'>fm</subfield>
      </datafield>
      <datafield ind1=' ' ind2=' ' tag='049'>
        <subfield code='a'>OFC#</subfield>
      </datafield>
      <datafield ind1='0' ind2='0' tag='050'>
        <subfield code='a'>SDA 52442</subfield>
      </datafield>
      <datafield ind1='0' ind2='4' tag='082'>
        <subfield code='a'>781.6241</subfield>
        <subfield code='b'>BEA</subfield>
      </datafield>
      <datafield ind1='0' ind2='0' tag='245'>
        <subfield code='a'>Allons à Lafayette &amp; more with Canray Fontenot /</subfield>
        <subfield code='c'>Beausoleil with Michael Doucet.</subfield>
      </datafield>
      <datafield ind1=' ' ind2='1' tag='264'>
        <subfield code='a'>El Cerrito, CA :</subfield>
        <subfield code='b'>Arhoolie,</subfield>
        <subfield code='c'>[1989]</subfield>
      </datafield>
      <datafield ind1=' ' ind2='4' tag='264'>
        <subfield code='c'>©1989,</subfield>
        <subfield code='c'>℗1989</subfield>
      </datafield>
      <datafield ind1=' ' ind2=' ' tag='300'>
        <subfield code='a'>1 audio disc :</subfield>
        <subfield code='b'>digital ;</subfield>
        <subfield code='c'>4 3/4 in.</subfield>
      </datafield>
      <datafield ind1=' ' ind2=' ' tag='336'>
        <subfield code='a'>performed music</subfield>
        <subfield code='b'>prm</subfield>
        <subfield code='2'>rdacontent</subfield>
      </datafield>
      <datafield ind1=' ' ind2=' ' tag='337'>
        <subfield code='a'>audio</subfield>
        <subfield code='b'>s</subfield>
        <subfield code='2'>rdamedia</subfield>
      </datafield>
      <datafield ind1=' ' ind2=' ' tag='338'>
        <subfield code='a'>audio disc</subfield>
        <subfield code='b'>sd</subfield>
        <subfield code='2'>rdacarrier</subfield>
      </datafield>
      <datafield ind1=' ' ind2=' ' tag='344'>
        <subfield code='a'>digital</subfield>
        <subfield code='b'>optical</subfield>
        <subfield code='g'>stereo</subfield>
        <subfield code='2'>rda</subfield>
      </datafield>
      <datafield ind1=' ' ind2=' ' tag='344'>
        <subfield code='c'>1.4 m/s</subfield>
      </datafield>
      <datafield ind1=' ' ind2=' ' tag='347'>
        <subfield code='a'>audio file</subfield>
        <subfield code='2'>rda</subfield>
      </datafield>
      <datafield ind1=' ' ind2=' ' tag='347'>
        <subfield code='b'>CD audio</subfield>
      </datafield>
      <datafield ind1=' ' ind2=' ' tag='500'>
        <subfield code='a'>Special Collection material:  Use of audio or visual material may require production of listening or viewing copies before use.  Contact wilsonlibrary@unc.edu before visiting reading room for more information.</subfield>
      </datafield>
      <datafield ind1=' ' ind2=' ' tag='500'>
        <subfield code='a'>Title from disc label.</subfield>
      </datafield>
      <datafield ind1=' ' ind2=' ' tag='500'>
        <subfield code='a'>Traditional and original Cajun music.</subfield>
      </datafield>
      <datafield ind1=' ' ind2=' ' tag='500'>
        <subfield code='a'>Liner notes by Michael Doucet, and lyrics with English translations (12 unnumbered pages) inserted in container.</subfield>
      </datafield>
      <datafield ind1='0' ind2=' ' tag='505'>
        <subfield code='a'>Allons a Lafayette = Let&apos;s go to Lafayette -- Tous les deux pour la meme = For the same girl -- Pauvre hobo = Poor hobo -- Mon vieux wagon = My old wagon -- La jolie blonde -- Johnny can&apos;t dance -- J&apos;ai ete au zydeco = I went to the Zydeco -- Les blues a Canray -- J&apos;ai Marie un ouvrier = I married a carpenter -- La valse du vacher = Cowboy waltz -- La table ronde = The round table -- Shoo, Black -- Canray&apos;s breakdown -- Two step a Will Balfa = Give me Pauline -- La valse de jonglements = The pensive waltz -- Le bal a Chataignier = The dance at Chataignier.</subfield>
      </datafield>
      <datafield ind1='0' ind2=' ' tag='511'>
        <subfield code='a'>Beausoleil (vocals and instruments) ; Michael Doucet, vocals, fiddle ; in part with Canray Fontenot, vocals, fiddle.</subfield>
      </datafield>
      <datafield ind1=' ' ind2=' ' tag='534'>
        <subfield code='3'>Works 1-12</subfield>
        <subfield code='p'>issued earlier as analog disc:</subfield>
        <subfield code='c'>Arhoolie</subfield>
        <subfield code='o'>5036.</subfield>
      </datafield>
      <datafield ind1=' ' ind2=' ' tag='546'>
        <subfield code='a'>Sung in Cajun French.</subfield>
      </datafield>
      <datafield ind1=' ' ind2='7' tag='648'>
        <subfield code='a'>1981-1990</subfield>
        <subfield code='2'>fast</subfield>
      </datafield>
      <datafield ind1=' ' ind2='0' tag='650'>
        <subfield code='a'>Popular music</subfield>
        <subfield code='y'>1981-1990.</subfield>
      </datafield>
      <datafield ind1=' ' ind2='0' tag='650'>
        <subfield code='a'>Folk songs, Cajun French.</subfield>
      </datafield>
      <datafield ind1=' ' ind2='7' tag='650'>
        <subfield code='a'>Cajun music.</subfield>
        <subfield code='2'>fast</subfield>
        <subfield code='0'>(OCoLC)fst00843939</subfield>
      </datafield>
      <datafield ind1=' ' ind2='7' tag='650'>
        <subfield code='a'>Folk dance music.</subfield>
        <subfield code='2'>fast</subfield>
        <subfield code='0'>(OCoLC)fst00928637</subfield>
      </datafield>
      <datafield ind1=' ' ind2='7' tag='650'>
        <subfield code='a'>Folk music.</subfield>
        <subfield code='2'>fast</subfield>
        <subfield code='0'>(OCoLC)fst00929383</subfield>
      </datafield>
      <datafield ind1=' ' ind2='7' tag='650'>
        <subfield code='a'>Folk songs, Cajun French.</subfield>
        <subfield code='2'>fast</subfield>
        <subfield code='0'>(OCoLC)fst00929818</subfield>
      </datafield>
      <datafield ind1=' ' ind2='7' tag='650'>
        <subfield code='a'>Popular music.</subfield>
        <subfield code='2'>fast</subfield>
        <subfield code='0'>(OCoLC)fst01071422</subfield>
      </datafield>
      <datafield ind1=' ' ind2='7' tag='655'>
        <subfield code='a'>Cajun music.</subfield>
        <subfield code='2'>fast</subfield>
        <subfield code='0'>(OCoLC)fst01726546</subfield>
      </datafield>
      <datafield ind1=' ' ind2='7' tag='655'>
        <subfield code='a'>Folk dance music.</subfield>
        <subfield code='2'>fast</subfield>
        <subfield code='0'>(OCoLC)fst01726616</subfield>
      </datafield>
      <datafield ind1=' ' ind2='7' tag='655'>
        <subfield code='a'>Folk music.</subfield>
        <subfield code='2'>fast</subfield>
        <subfield code='0'>(OCoLC)fst01726617</subfield>
      </datafield>
      <datafield ind1=' ' ind2='7' tag='655'>
        <subfield code='a'>Folk songs.</subfield>
        <subfield code='2'>fast</subfield>
        <subfield code='0'>(OCoLC)fst01726618</subfield>
      </datafield>
      <datafield ind1=' ' ind2='7' tag='655'>
        <subfield code='a'>Popular music.</subfield>
        <subfield code='2'>fast</subfield>
        <subfield code='0'>(OCoLC)fst01726706</subfield>
      </datafield>
      <datafield ind1=' ' ind2='7' tag='655'>
        <subfield code='a'>Zydeco music.</subfield>
        <subfield code='2'>fast</subfield>
        <subfield code='0'>(OCoLC)fst01920424</subfield>
      </datafield>
      <datafield ind1=' ' ind2='7' tag='655'>
        <subfield code='a'>Cajun music.</subfield>
        <subfield code='2'>lcgft</subfield>
      </datafield>
      <datafield ind1=' ' ind2='7' tag='655'>
        <subfield code='a'>Popular music.</subfield>
        <subfield code='2'>lcgft</subfield>
      </datafield>
      <datafield ind1=' ' ind2='7' tag='655'>
        <subfield code='a'>Folk music.</subfield>
        <subfield code='2'>lcgft</subfield>
      </datafield>
      <datafield ind1=' ' ind2='7' tag='655'>
        <subfield code='a'>Folk songs.</subfield>
        <subfield code='2'>lcgft</subfield>
      </datafield>
      <datafield ind1=' ' ind2='7' tag='655'>
        <subfield code='a'>Folk dance music.</subfield>
        <subfield code='2'>lcgft</subfield>
      </datafield>
      <datafield ind1=' ' ind2='7' tag='655'>
        <subfield code='a'>Zydeco music.</subfield>
        <subfield code='2'>lcgft</subfield>
      </datafield>
      <datafield ind1='1' ind2=' ' tag='700'>
        <subfield code='a'>Doucet, Michael,</subfield>
        <subfield code='e'>performer.</subfield>
      </datafield>
      <datafield ind1='1' ind2=' ' tag='700'>
        <subfield code='a'>Fontenot, Canray,</subfield>
        <subfield code='e'>performer.</subfield>
      </datafield>
      <datafield ind1='2' ind2=' ' tag='710'>
        <subfield code='a'>Beausoleil (Musical group),</subfield>
        <subfield code='e'>performer.</subfield>
      </datafield>
      <datafield ind1=' ' ind2=' ' tag='907'>
        <subfield code='a'>b9094522</subfield>
      </datafield>
      <datafield ind1='9' ind2='1' tag='999'>
        <subfield code='i'>i11601573</subfield>
        <subfield code='l'>wadb</subfield>
        <subfield code='s'>o</subfield>
        <subfield code='t'>49</subfield>
        <subfield code='c'>1</subfield>
        <subfield code='o'>0</subfield>
        <subfield code='p'>099#9</subfield>
        <subfield code='q'>|aCD-16884</subfield>
        <subfield code='n'>Special Collection material:  Use of audio or visual material may require production of listening or viewing copies before use.  Contact wilsonlibrary@unc.edu before visiting reading room for more information.</subfield>
      </datafield>
      <datafield ind1='0' ind2='0' tag='999'>
        <subfield code='a'>2018-03-02 00:00:00-05</subfield>
        <subfield code='c'>2018-03-02 10:53:03-05</subfield>
        <subfield code='u'>2018-03-15 14:06:07-04</subfield>
      </datafield>
  </record>
</collection>